3229 5235
1565 311 1649 377 12

304 499 481 562 nobis
521 518 740 580 passus
785 507 882 562 est
923 507 985 562 et
1026 498 1372 563 resurrexit.
1415 500 1678 563 Dolores
1707 500 1937 580 'partus
1979 498 2125 562 mihi
2164 499 2413 562 instant.
2472 498 2567 561 Ne
2626 517 2723 560 me
2784 516 2895 560 re-

301 609 716 691 prehendatis,
760 611 982 673 fratres
1027 610 1167 685 mei,
1211 617 1273 672 et
1313 629 1386 671 ne
1430 609 1797 691 impediatiS,
1844 609 2161 690 quominus
2203 610 2427 683 vivam,
2475 608 2680 671 nolitis
2726 609 2894 670 enim

302 727 560 782 mortem
599 739 818 782 meam.
862 719 1020 781 Eum
1065 719 1166 800 qui
1206 720 1322 781 Dei
1369 739 1502 782 esse
1544 719 1697 793 vult,
1742 720 1821 781 ad
1861 720 2146 782 mundum
2189 739 2263 782 ne
2305 718 2645 792 reducatis,
2689 736 2890 798 neque

299 850 395 893 me
436 831 764 893 seducatis.
816 829 1048 894 ,Sinite
1091 852 1188 895 me
1231 850 1445 911 puram
1476 838 1539 892 et
1568 849 1775 895 veram
1803 831 2000 894 lucem
2027 831 2320 911 accipere.
2383 831 2529 893 Illuc
2569 829 2621 891 si
2654 828 2887 902 abiem,

297 942 481 1003 homo
526 960 649 1002 ero.
735 939 944 1004 Sinete
987 961 1084 1004 me
1127 942 1499 1004 imitatorem
1555 962 1692 1004 esse
1747 943 2054 1023 passionis
2094 940 2213 1003 Dei
2266 941 2405 1002 mei.
2493 936 2613 1009 Qui
2668 947 2765 1002 est
2822 939 2889 1001 in

298 1040 581 1113 membris
620 1050 769 1124 Dei,
799 1051 991 1124 novit,
1035 1050 1176 1132 quid
1216 1052 1523 1126 desidere,
1569 1060 1634 1114 et
1677 1072 1909 1115 mecum
1955 1050 2378 1132 compatietur,
2421 1069 2602 1132 quum
2642 1048 2893 1112 noverit

297 1179 389 1235 ea,
432 1179 586 1244 quae
628 1181 724 1224 me
766 1161 1157 1225 circumdant.

1385 1516 1602 1598 Cap.
1650 1516 1834 1579 Vn.

532 1686 824 1768 Princeps
867 1694 1071 1750 autem
1114 1687 1319 1750 mundi
1359 1687 1489 1750 vult
1531 1707 1627 1750 me
1671 1687 1929 1749 avellere
1973 1706 2012 1748 a
2053 1695 2276 1760 mente,
2321 1705 2440 1768 qua
2475 1686 2611 1748 Deo
2657 1686 2882 1750 affixus

186 1860 199 1873 ‚
290 1818 443 1872 sum,
487 1806 550 1860 et
591 1796 720 1860 vult
764 1816 858 1859 me
902 1816 1275 1878 corumpere.
1360 1798 1556 1860 Nemo
1619 1799 1802 1878 igitur
1842 1818 1919 1859 ex
1957 1797 2255 1878 proximis
2295 1798 2447 1860 meis
2492 1796 2743 1876 adjuvet
2783 1817 2881 1861 me

286 1909 565 1982 inaniter,
610 1907 719 1970 sed
757 1907 963 1989 potius
1004 1907 1087 1983 id,
1133 1909 1293 1990 quod
1320 1908 1483 1982 volo,
1541 1928 1759 1990 nempe
1803 1916 2060 1972 mortem
2102 1927 2323 1983 meam,
2369 1915 2683 1989 procuret;
2725 1908 2883 1995 haec

289 2025 386 2082 est
429 2019 586 2080 enim
627 2017 911 2080 voluntas
951 2018 1086 2080 Dei.
1171 2018 1379 2080 Nolite
1420 2028 1670 2099 portare
1728 2018 1788 2080 in
1842 2036 1945 2081 ore
2005 2026 2215 2081 vestro
2275 2019 2487 2081 Jesum
2544 2018 2901 2094 Christum,

286 2128 570 2192 mundum
599 2146 745 2190 vero
777 2128 1142 2191 desiderare.
1176 2127 1412 2191 Invidia
1432 2147 1544 2192 vos
1573 2149 1651 2191 ne
1679 2129 1950 2209 invadat,
1976 2136 2038 2190 et
2060 2149 2134 2191 ne
2165 2129 2434 2191 venienti
2464 2127 2701 2211 quidem
2731 2128 2877 2192 mihi

288 2249 352 2302 et
389 2239 662 2320 loquenti
705 2238 786 2302 ad
816 2258 924 2301 vos
956 2228 1467 2312 obsecundemini‚
1513 2240 1625 2302 sed
1667 2241 1861 2320 magis
1907 2239 2133 2302 credite
2165 2240 2273 2315 eis,
2308 2259 2462 2321 quae
2493 2240 2714 2301 scribo.
2761 2239 2876 2300 Vi-

286 2369 434 2412 vens
479 2349 678 2412 scribo
720 2349 922 2430 vobis,
968 2348 1320 2411 desiderans
1361 2351 1533 2412 mori.
1619 2348 1814 2412 Amor
1854 2369 2023 2412 meus
2067 2350 2382 2412 crucifixus
2426 2357 2554 2423 est,
2613 2369 2724 2411 nec
2783 2356 2880 2412 est

206 2480 209 2483 ·
283 2462 346 2522 in
388 2479 482 2549 me
523 2460 678 2541 ignis
723 2459 974 2533 alienus,
1016 2459 1200 2540 diligo
1247 2460 1405 2521 enim
1448 2479 1637 2541 aquas
1671 2459 1844 2522 vivas
1877 2467 1940 2521 et
1966 2460 2334 2541 spiritualeS,
2381 2478 2562 2541 quum
2603 2461 2768 2523 intus
2808 2460 2872 2522 in

284 2591 378 2635 me
419 2571 715 2634 Dominus
753 2571 856 2644 sit,
900 2570 1104 2633 dicens
1149 2570 1229 2631 ad
1270 2589 1398 2633 me:
1445 2571 1582 2632 veni
1626 2569 1705 2632 ad
1747 2570 2015 2633 Patrem.

390 2749 391 2752 ,
525 2681 697 2753 Non,
729 2681 919 2744 dulcis
974 2682 1128 2744 mihi
1175 2689 1272 2744 est
1327 2681 1496 2743 cibus
1555 2680 1956 2762 corruptionis
2014 2700 2126 2744 nec
2192 2680 2632 2744 delectationes
2690 2681 2870 2761 hujus

280 2791 505 2854 mundi.
591 2791 781 2878 Panis
822 2792 938 2854 Dei
980 2793 1121 2855 volo
1167 2812 1323 2867 esse,
1371 2792 1472 2873 qui
1516 2801 1610 2854 est
1656 2810 1873 2872 corpus
1915 2791 2066 2854 Jesu
2110 2790 2374 2865 Christi,
2435 2792 2598 2873 quod
2657 2800 2752 2853 est
2795 2811 2875 2855 ex

280 2920 499 2982 genere
527 2902 752 2977 David,
796 2910 859 2965 et
885 2903 1091 2966 bibere
1133 2902 1276 2965 volo
1321 2923 1399 2965 ex
1439 2902 1735 2983 sanguine
1780 2902 1932 2983 ejus,
1976 2902 2075 2984 qui
2120 2909 2216 2966 est
2255 2921 2429 2965 amor
2468 2902 2871 2983 incorruptus.

1341 3258 1557 3339 Cap.
1604 3259 1830 3322 VIII.

517 3424 684 3488 Nolo
731 3425 989 3507 amplius
1031 3426 1208 3507 quasi
1248 3427 1577 3490 secundum
1621 3428 1927 3491 hominem
1970 3428 2193 3492 vivere.
2238 3430 2375 3492 Hoc
2417 3429 2561 3492 mihi
2604 3430 2863 3506 eveniet,

276 3535 331 3612 si
371 3554 483 3599 vos
529 3536 840 3598 nolueritis
883 3556 979 3598 me
1021 3538 1195 3600 mori.
1278 3537 1463 3601 Brevi
1507 3538 1771 3620 epistola
1810 3558 1922 3602 vos
1968 3539 2285 3620 deprecor,
2312 3547 2381 3601 ut
2400 3540 2547 3602 mihi
2579 3541 2863 3603 credatis.

273 3644 456 3709 Jesus
500 3643 780 3709 Christus
824 3654 1027 3710 autem
1069 3648 1195 3724 (id)
1236 3650 1412 3712 vobis
1456 3641 1757 3713 revelabit
1801 3687 1879 3698 —
1919 3650 1982 3712 in
2043 3652 2304 3714 veritate
2366 3650 2526 3713 enim
2568 3650 2684 3714 hoc
2727 3652 2861 3715 dico

273 3790 354 3803 —-
397 3774 522 3832 ore,
567 3756 729 3838 qnod
772 3776 895 3819 non
936 3757 1258 3833 mentitur,
1300 3758 1363 3820 in
1405 3779 1523 3841 quo
1567 3761 1760 3822 Pater
1817 3761 2057 3822 locutus
2116 3768 2230 3822 est.
2318 3757 2508 3822 Orate
2568 3780 2681 3841 pro
2741 3781 2860 3837 me,

272 3877 342 3932 ut
384 3886 518 3931 eum
560 3867 883 3929 inveniam.
931 3868 1109 3931 ·Non
1149 3868 1211 3931 in
1252 3888 1469 3942 carne,
1514 3890 1668 3952 quae
1712 3870 1857 3933 foris
1899 3878 2175 3951 apparet,
2220 3870 2437 3952 scripsi
2477 3871 2690 3946 vobis,
2752 3872 2862 3934 sed

270 3979 332 4040 in
378 3978 688 4041 voluntate
729 3978 867 4040 Dei.
927 3979 996 4042 Si
1038 3980 1222 4060 igitur
1263 3988 1574 4043 tormenta.
1617 3982 1880 4056 subiero,
1931 3981 2188 4061 contigit
2228 3982 2376 4044 mihi
2417 3981 2595 4044 favor
2635 3990 2861 4055 vester,

272 4089 326 4152 si
369 4096 571 4151 autem
612 4089 978 4170 reprobatus
1022 4090 1216 4165 fuer0,
1263 4090 1404 4153 odio
1449 4102 1544 4153 me
1589 4090 1912 4154 habuistis,

1361 4418 1575 4499 Gap.
1625 4420 1774 4481 IX.

516 4584 885 4652 Mementote
927 4586 988 4648 in
1033 4586 1309 4650 oratione
1353 4586 1643 4650 ecclesiae
1684 4584 1933 4669 Syriae,
1992 4587 2087 4651 cui
2131 4605 2243 4669 pro
2287 4608 2381 4651 me
2423 4588 2602 4652 hodie
2642 4597 2855 4671 pastor

267 4698 364 4755 est
401 4692 588 4759 Deus,
671 4692 860 4756 Jesus
903 4692 1185 4758 Christus
1229 4697 1394 4759 solus
1438 4697 1764 4780 episcopus
1837 4700 1921 4761 sit
1991 4699 2046 4761 ei
2092 4707 2155 4760 et
2198 4718 2370 4762 amor
2412 4707 2633 4763 vester.
2719 4701 2851 4762 Ve-
