3229 5235
1573 1448 1671 1532 H.

530 1672 1118 1754 Translatio
1176 1672 1565 1753 Latina
1628 1673 2119 1779 epistolae
2174 1674 2724 1756 Arabicae

1352 1837 1424 1888 s,
1481 1808 1897 1913 Ignatii.

332 2056 411 2112 Et
449 2055 611 2112 (lixit
646 2055 969 2127 Ignatius,
1024 2056 1527 2126 archiepiscopus
1570 2055 1969 2128 Antioohiae,
2008 2056 2237 2114 tertius
2275 2058 2419 2128 post
2453 2057 2707 2114 Petrum
2745 2060 2925 2130 prin·

615 2156 811 2227 olpem
845 2154 1298 2227 Apostolorum,
1339 2156 1498 2226 quod
1536 2154 1843 2227 sumptum
1880 2157 1979 2214 est
2017 2170 2095 2213 ex
2132 2157 2402 2228 epistola
2440 2157 2599 2228 eJus.

573 2563 740 2626 Deus
783 2562 1063 2626 conditor
1104 2564 1370 2627 omnium
1414 2584 1613 2628 rerum
1661 2574 2021 2641 creatarum,
2067 2565 2169 2649 qui
2210 2574 2459 2647 superat
2500 2565 2771 2630 ordinem
2811 2583 2927 2628 na-

331 2681 521 2749 turae,
560 2674 824 2738 Trinitas
871 2686 968 2737 est
1009 2694 1193 2756 super
1234 2675 1517 2737 thronum
1562 2695 1757 2750 suum,
1805 2684 1868 2737 et
1907 2675 2215 2738 habitavit
2256 2686 2394 2740 tota
2432 2675 2746 2759 plenitudo
2789 2674 2925 2755 ejus

329 2783 392 2846 in
435 2784 762 2848 visceribus
804 2786 1082 2863 Virginis
1129 2794 1192 2848 et
1233 2785 1629 2866 singularitas
1689 2786 2069 2861 divinitatis»,
2131 2788 2206 2850 de
2271 2806 2391 2869 qua
2447 2787 2748 2869 loquimur
2803 2786 2926 2848 hoo

324 2893 486 2969 1000,
531 2913 684 2975 quae
731 2902 830 2956 est
869 2894 928 2956 in
960 2894 1154 2969 Filio;
1202 2914 1321 2957 non
1365 2903 1570 2958 autem
1616 2896 1884 2977 reliquae
1927 2915 2249 2977 personae.
2292 2897 2403 2959 Ille
2445 2897 2505 2959 in
2551 2916 2723 2959 eruce
2765 2915 2923 2977 pen-

328 3003 476 3066 dens
517 3005 776 3068 remittit
818 3015 1102 3085 peccata,
1144 3003 1245 3066 ille
1286 3004 1350 3065 in
1394 3005 1736 3086 sepulchro,
1782 3015 1844 3068 et
1884 3009 2213 3071 resuscitat
2256 3020 2562 3082 mortuOS,
2599 3007 2701 3070 ille
2746 3013 2927 3068 extra

327 3114 727 3197 sepulchrum,
772 3124 834 3177 et
877 3112 1160 3196 relinquit
1200 3115 1261 3175 in
1306 3134 1375 3177 eo
1419 3126 1649 3193 vesteS,
1695 3118 1796 3181 ille
1819 3119 2007 3181 intrat
2044 3120 2124 3180 ad
2168 3119 2500 3199 discipulos
2520 3117 2726 3198 januis
2756 3117 2924 3180 elau-

327 3226 431 3299 siS,
474 3232 549 3288 et
581 3226 687 3286 dat
727 3226 816 3287 eis
859 3244 1101 3305 paoem.
1182 3226 1353 3304 Ergo
1397 3226 1589 3287 Pater
1631 3226 1692 3288 in
1736 3225 1914 3301 Filio,
1959 3235 2024 3288 et
2063 3226 2258 3288 Filius
2300 3225 2362 3287 in
2407 3225 2629 3299 Patre,
2672 3236 2735 3288 et
2775 3225 2926 3307 Spi-

228 3325 231 3332 ’
264 3391 267 3392 ⁷
325 3337 479 3399 ritus
503 3336 1124 3399 sanctus—Trinitas
1150 3336 1450 3417 aequaliS‚
1494 3336 1944 3417 inseparabilis,
1976 3336 2389 3410 immutabilis,
2432 3344 2555 3399 tres
2599 3355 2921 3416 personae,

326 3446 610 3509 divinitas
651 3466 789 3520 una,
835 3446 1132 3527 majestas
1175 3466 1318 3522 una,
1366 3448 1722 3510 substantia
1763 3466 1901 3523 una,
1944 3454 2221 3529 potestas
2260 3467 2402 3521 una,
2443 3466 2691 3527 regnum
2718 3465 2923 3520 unum,

325 3556 604 3619 adoratio
646 3577 787 3634 una,
833 3558 1193 3638 glorificatio
1236 3577 1376 3631 una,
1419 3558 1717 3626 lausana
1758 3558 2011 3620 debetur
2055 3556 2339 3620 Trinitati
2397 3558 2459 3619 in
2517 3578 2641 3620 una
2698 3556 2915 3637 gloria·

323 3666 522 3731 Unum
564 3667 923 3742 Consilium,
968 3687 1150 3730 unum
1195 3669 1533 3749 imperium,
1576 3688 1697 3731 una
1737 3669 2027 3750 potentia,
2070 3689 2191 3731 una
2234 3669 2566 3743 fortitudO,
2621 3687 2771 3731 unus
2813 3688 2922 3731 00-

325 3778 579 3859 gitatus,
626 3799 745 3840 una
786 3778 1069 3841 voluntas
1111 3779 1176 3841 in
1220 3787 1439 3842 sancta
1479 3778 1799 3842 Trinitate.
1883 3781 2077 3842 Pater
2119 3788 2216 3843 est
2244 3780 2463 3853 Pater,
2537 3786 2599 3841 et
2659 3799 2782 3842 non
2823 3787 2921 3842 est

321 3887 531 3964 Filius,
574 3896 636 3951 et
674 3888 865 3950 Filius
916 3897 1010 3952 est
1038 3887 1250 3964 Filius,
1297 3897 1360 3951 et
1401 3909 1521 3953 non
1567 3898 1666 3952 est
1696 3891 1904 3965 Pater,
1949 3897 2012 3951 et
2038 3888 2306 3970 Spiritus
2352 3898 2599 3953 sanetus
2645 3897 2742 3953 est
2768 3889 2919 3972 Spi-

322 3998 476 4061 ritus
519 4007 789 4075 sanotuS,
837 4008 898 4061 et
956 4020 1079 4063 non
1139 4002 1513 4064 convertitur
1571 4000 1633 4063 in
1675 4000 1923 4065 Patrem
1981 4022 2153 4064 suum
2215 4008 2280 4063 et
2332 4001 2392 4063 in
2444 4002 2663 4064 Filium
2722 4020 2918 4063 suum.

322 4107 448 4173 Sed
489 4110 641 4173 haee
700 4109 971 4172 Trinitas
1028 4110 1306 4192 perfecta
1349 4121 1445 4174 est
1501 4132 1686 4194 super
1742 4087 2024 4175 thronum
2067 4110 2297 4192 gloriae
2356 4130 2533 4186 suae,
2578 4130 2730 4193 quae
2773 4131 2921 4175 con-

313 4218 590 4300 jungitur
633 4220 870 4284 unitate
914 4221 1169 4285 deitatis
1212 4222 1410 4297 unius,
1455 4242 1611 4305 quae
1644 4231 1742 4285 est
1769 4222 1969 4285 lumen
2000 4242 2205 4296 unum,
2252 4228 2449 4284 ortum
2494 4241 2572 4284 ex
2599 4220 2923 4296 Trinitate,
2957 4289 2962 4296 ,

323 4330 484 4413 quod
525 4331 736 4412 implet
778 4339 975 4395 totam
1009 4342 1372 4407 creaturam,
1419 4338 1545 4411 (et)
1588 4333 1705 4395 hae
1751 4336 1910 4407 (tres
1954 4331 2192 4394 divinae
2234 4335 2567 4413 personae)
2584 4331 2926 4394 illuminant

322 4440 415 4514 id,
462 4441 621 4522 quod
666 4441 831 4504 infra
870 4450 1098 4505 terram
1142 4453 1255 4517 est,
1299 4443 1456 4506 sicut
1499 4443 1793 4525 scriptum
1838 4451 1971 4505 est:
2042 4462 2221 4523 „ecce
2268 4461 2378 4523 ego
2420 4442 2645 4522 impleo
2688 4441 2923 4505 coelum

323 4558 387 4612 et
413 4557 775 4626 terram,=et
817 4572 969 4635 quae
1012 4553 1173 4617 infra
1212 4553 1272 4615 in
1316 4553 1549 4617 inferno
1594 4562 1755 4627 sunt,
1799 4552 2078 4616 viderunt
2121 4552 2381 4633 gloriam
2408 4554 2665 4615 meam“.
2719 4552 2805 4613 Et
2834 4559 2923 4626 tu,

324 4659 423 4741 qui
466 4660 618 4723 dicis
666 4662 1047 4727 divinitatem
1088 4664 1446 4746 passibilem
1490 4674 1551 4728 et
1593 4644 1939 4741 mortalem,
1986 4664 2182 4743 (scias
2226 4664 2419 4749 quod)
2461 4681 2575 4726 nos
2622 4661 2924 4725 credimus

321 4767 635 4834 Christum
674 4773 876 4836 Deum
921 4794 1055 4837 esse
1097 4773 1455 4856 passibilem
1496 4776 1558 4839 in
1601 4795 1857 4859 corpore
1900 4785 1970 4840 ut
2011 4776 2342 4856 hominem,
2383 4782 2446 4837 et
2486 4772 2923 4856 impassibilem
