3229 5235
1585 332 1673 398 20

339 517 612 599 Ignatius
667 516 915 580 duobus⁴
965 516 1254 597 objicitur
1303 516 1601 583 leonibus.
1698 515 1968 601 Cumque
2019 518 2154 598 jam
2195 517 2508 600 projectus
2538 521 2629 596 ¹2)
2688 521 2929 584 bestias

294 660 297 662 >
340 633 647 714 rugientes
690 631 947 708 audiret,
992 632 1210 694 ardore
1255 632 1604 695 stimulatus
1648 632 1942 714 patiendi,
2008 632 2129 695 ait:
2186 633 2300 696 viri
2340 633 2648 712 Romani,
2704 636 2804 718 qui
2846 637 2932 699 ad

336 743 454 807 hoc
496 750 804 807 certamen
847 743 1245 824 spectandum
1295 744 1705 819 convenistis,
1751 763 1870 806 non
1915 742 2042 806 sine
2088 763 2273 808 causa
2315 764 2410 807 me
2453 745 2775 810 laborasse
2818 766 2933 812 co-

337 854 631 937 gnoscite,
659 873 781 916 non
810 854 927 917 hoc
953 863 1208 935 propter
1236 873 1504 917 meorum
1535 854 1845 917 criminum
1875 855 2080 936 patior
2109 856 2501 936 pravitatem,
2531 857 2639 920 sed
2669 867 2929 940 propter

336 965 521 1028 divini
564 963 756 1026 cultus
799 964 1116 1045 pietatem.
1203 966 1591 1027 Frumentum
1638 965 1861 1027 etenim
1906 964 2136 1028 Christi
2192 983 2344 1039 sum,
2386 966 2722 1030 bestiarum
2766 968 2927 1031 den-

333 1075 496 1138 tibus
514 1075 731 1151 molar,
747 1085 816 1137 ut
830 1075 1008 1156 panis
1029 1075 1283 1138 mundus
1298 1074 1530 1138 Christi
1547 1076 1796 1139 efficiar.
1824 1077 2000 1139 Haec
2030 1076 2132 1139 illo
2156 1077 2411 1153 dicente,
2434 1087 2811 1141 occurrentes
2834 1082 2928 1156 13)

333 1184 389 1248 ei
421 1184 628 1248 leones
659 1194 722 1248 et
741 1205 817 1249 ex
833 1194 1090 1269 utraque
1106 1193 1285 1266 parte
1301 1205 1480 1269 super
1495 1205 1631 1248 eum
1651 1187 1968 1261 irruenteS‚
1985 1188 2491 1268 praefocaverunt
2509 1208 2644 1251 eum
2660 1198 2930 1252 tantum-

334 1296 519 1360 modo
565 1305 628 1358 et
668 1317 789 1360 non
834 1296 1094 1377 tetigere
1129 1316 1341 1359 carnes
1374 1297 1526 1377 ejus,
1570 1305 1640 1359 ut
1659 1299 2079 1361 Romanorum
2118 1317 2498 1381 magnaeque
2551 1301 2716 1363 urbis
2756 1310 2927 1364 esset

332 1407 510 1470 tuitio
529 1409 640 1482 14),
666 1408 728 1469 in
747 1426 868 1489 qua
882 1408 1104 1470 Petrus
1138 1417 1235 1471 est
1251 1407 1588 1483 crucifixus,
1618 1409 1848 1471 Paulus
1868 1409 2226 1484 decollatus,
2258 1407 2927 1491 Onesimuslapidatus.

330 1518 560 1582 Passus
576 1526 672 1582 est
683 1527 890 1581 autem
910 1516 1504 1582 venerabilisChristi
1518 1527 1750 1601 martyr
1764 1518 2034 1600 Ignatius
2050 1519 2371 1583 undecimo
2387 1520 2531 1601 Traj
2541 1521 2640 1584 ani
2657 1521 2927 1602 impera-·

334 1632 487 1692 toris
531 1648 712 1704 anno,
755 1629 1073 1693 consulatu
1115 1630 1312 1693 Attici
1367 1638 1430 1692 et
1480 1629 1780 1705 Marcelli,
1840 1627 2136 1693 Kalendis
2178 1630 2544 1694 Februariis.
2628 1631 2928 1714 Religiosi

332 1750 539 1804 autem
581 1741 932 1817 Christiani,
977 1741 1079 1824 qui
1121 1761 1254 1803 eum
1294 1741 1543 1822 pietatis
1576 1741 1783 1803 studio
1811 1741 2005 1805 secuti
2032 1742 2295 1818 fuerant,
2341 1741 2473 1822 ejus
2502 1743 2927 1811 sacratissima

333 1870 480 1915 ossa
526 1852 883 1933 colligentes
926 1851 1111 1932 digno
1139 1852 1372 1914 honore
1403 1850 1818 1926 condiderunt,
1860 1863 2046 1935 atque
2075 1853 2513 1917 Anthiochiam
2543 1872 2765 1935 magna
2790 1873 2928 1917 cum

328 1963 672 2025 reverentia
704 1964 1067 2037 deferentes,
1112 1972 1289 2025 extra
1315 1963 1752 2044 Daphniticam
1780 1971 2023 2045 portam
2054 1964 2116 2026 in
2161 1965 2586 2028 coemeterium
2630 1965 2927 2028 ecclesiae

329 2091 464 2136 cum
506 2092 727 2154 magna
765 2073 1005 2137 laetitia
1046 2072 1437 2136 Christianae
1492 2073 1691 2155 plebis
1748 2074 2027 2136 locavere
2091 2084 2269 2137 sexto
2331 2075 2565 2139 decimo
2609 2074 2927 2138 Kalendas

328 2183 681 2260 Januarias,
722 2185 827 2248 ubi
866 2171 1127 2267 plurima
1167 2186 1318 2249 fiunt
1358 2185 1655 2248 miracula
1696 2185 1778 2247 ad
1804 2184 2045 2248 laudem
2083 2193 2145 2248 et
2176 2184 2432 2266 gloriam
2453 2186 2699 2248 Domini
2727 2183 2929 2248 nostri

229 2279 231 2285 ἲ
329 2295 483 2361 Jesu
525 2295 779 2372 Christi,
835 2296 937 2380 qui
978 2316 1113 2360 cum
1155 2297 1344 2360 Patre
1387 2304 1451 2360 et
1477 2295 1715 2378 Spiritu
1757 2304 1975 2360 sancto
2015 2295 2168 2360 vivit
2210 2305 2273 2360 et
2330 2304 2550 2380 regnat
2587 2297 2648 2360 in
2675 2294 2931 2360 saecula

331 2407 728 2474 saeculorum.
808 2408 1029 2476 Amen.
