3229 5235
1485 386 1561 450 11

1347 657 1562 739 Cap.
1610 659 1755 723 IV.

486 795 633 875 Ego
679 797 836 858 enim
881 798 1081 860 scribo
1124 798 1434 862 ecclessiis
1478 810 1540 862 et
1574 800 1883 881 praecipio
1916 812 1978 863 et
2010 801 2308 863 annuncio
2340 800 2638 873 omnibus,
2685 800 2845 881 quod

244 905 499 968 libenter
543 926 663 986 pro
707 907 842 969 Deo
886 908 1132 970 morior.
1221 910 1355 971 Vos
1397 910 1605 990 itaque
1652 910 1841 971 nolite
1885 910 2029 971 mihi
2075 911 2392 973 offensioni
2441 929 2597 975 esse.
2686 910 2844 973 Peto

246 1033 407 1094 erg0‚
453 1036 534 1077 ne
583 1019 1039 1097 compatiamini
1084 1020 1229 1081 mihi
1274 1019 1547 1081 inaniter.
1624 1019 1719 1080 Ne
1761 1019 1892 1081 sitis
1934 1020 2080 1081 mihi
2124 1029 2433 1081 amatores
2492 1019 2654 1084 vani.
2736 1018 2842 1081 Si-

240 1125 358 1186 nite
402 1145 525 1199 me,
590 1138 660 1189 ut
700 1128 838 1190 fiam
884 1129 1117 1205 (cibus)
1158 1129 1510 1201 bestiarum,
1555 1149 1664 1210 per
1692 1150 1842 1211 quas
1867 1131 2062 1192 Deum
2092 1130 2357 1191 invenire
2389 1131 2640 1209 possim.
2684 1129 2842 1190 Fru-

243 1244 510 1298 mentum
560 1238 721 1299 enim
763 1239 876 1301 Dei
935 1258 1104 1310 sum,
1165 1247 1232 1299 ut
1297 1239 1579 1300 dentibus
1639 1240 1968 1301 bestiarum
2016 1239 2247 1313 molar,
2310 1248 2377 1300 ut
2431 1240 2611 1319 panis
2656 1258 2843 1319 purus

242 1344 468 1408 Christi
512 1346 806 1409 inveniar.
894 1346 1219 1410 Adulando
1263 1367 1405 1429 ergo
1453 1348 1783 1411 adulamini
1827 1349 2062 1410 bestias
2089 1394 2107 1423 ,
2152 1357 2219 1408 ut
2262 1348 2407 1409 mihi
2448 1348 2599 1410 fiant
2640 1347 2846 1427 sepul-

242 1465 400 1517 tores
463 1466 529 1516 et
580 1476 700 1517 non
742 1457 1085 1537 relinquant
1128 1455 1353 1537 aliquid
1396 1458 1470 1519 de
1514 1478 1768 1539 corpore
1816 1478 1971 1532 me0,
2013 1477 2109 1531 ne,
2167 1458 2217 1518 si
2261 1456 2663 1530 obdormier0‚
2710 1457 2845 1520 aliis

250 1567 410 1627 oneri
456 1568 608 1631 fiam

479 1677 656 1739 Tunc
701 1697 804 1740 ero
850 1679 1174 1759 discipulus
1219 1698 1397 1741 verus
1431 1680 1686 1757 Christi,
1732 1681 1781 1742 si
1827 1700 1936 1742 nec
1981 1697 2201 1759 corpus
2244 1697 2442 1740 meum
2487 1668 2745 1758 apparet
2784 1678 2843 1739 in

252 1787 480 1850 mund0.
555 1787 980 1869 Deprecamini
1005 1787 1313 1881 Christum
1354 1810 1466 1871 pro
1511 1810 1629 1865 me,
1673 1798 1743 1852 ut
1783 1809 1891 1869 per
1933 1791 2087 1851 haec
2127 1789 2532 1851 instrumenta
2572 1787 2848 1849 inveniar

254 1895 446 1959 hostia
488 1897 654 1963 De0.
740 1899 882 1962 Non
949 1908 1019 1960 ut
1060 1901 1278 1962 Petrus
1340 1910 1403 1962 et
1460 1901 1691 1964 Paulus
1750 1901 2066 1981 praecipio
2128 1898 2321 1961 vobis.
2409 1898 2497 1959 nli
2558 1896 2847 1978 Apostoli

254 2006 501 2081 fuerunt,
551 2027 665 2088 ego
711 2018 913 2071 autem
958 2011 1419 2083 condemnatuS‚
1463 2010 1552 2072 illi
1597 2011 1812 2085 liberi,
1874 2004 1988 2091 ego¹
2030 2029 2220 2090 usque
2263 2028 2421 2069 nunc
2466 2027 2692 2069 servus.
2780 2005 2849 2069 Si

248 2134 381 2180 vero
412 2120 645 2199 patiar,
688 2140 792 2182 ero
833 2120 1084 2182 libertus
1113 2121 1266 2183 Jesu
1297 2120 1549 2196 Christi,
1593 2122 1655 2183 in
1701 2140 1818 2202 quo
1862 2139 2170 2200 resurgam
2215 2118 2385 2180 liber.
2430 2117 2606 2179 Nunc
2638 2127 2843 2179 autem

245 2226 473 2290 vinctus
520 2230 688 2292 disco
734 2230 879 2293 nihil
923 2230 1348 2312 concupiscere
1393 2250 1431 2292 a
1459 2231 1643 2313 Syria
1684 2251 1872 2313 usque
1915 2231 2199 2296 Romam.

1359 2531 1575 2613 Cap.
1624 2533 1721 2597 V.

486 2673 703 2753 Pugna
745 2674 905 2734 enim
949 2694 1085 2736 mea
1129 2694 1262 2736 cum
1302 2675 1517 2737 bestiis
1564 2683 1679 2748 est,
1723 2683 1889 2737 terra
1916 2673 2208 2755 marique,
2256 2679 2440 2733 noctu
2472 2675 2535 2729 et
2561 2668 2845 2731 interdiu.

248 2779 557 2861 Alligatus
603 2783 759 2845 enim
804 2803 936 2845 sum
981 2785 1188 2846 decem
1231 2785 1573 2866 leopardis,
1618 2785 1718 2867 qui
1762 2795 1904 2846 sunt
1946 2795 2147 2846 turma
2188 2782 2487 2852 militum,
2532 2779 2667 2859 qui,
2714 2797 2847 2839 cum

248 2889 561 2955 benefacio
607 2894 714 2966 eiS,
765 2894 1008 2975 pejores
1052 2895 1217 2957 fiunt.
1300 2896 1420 2956 Per
1460 2896 1572 2957 hos
1618 2904 1855 2969 autem,
1915 2896 2013 2976 qui
2058 2894 2305 2955 laedunt
2351 2900 2416 2951 et
2460 2888 2849 2969 colaphizant

248 3019 359 3076 me,
401 3004 606 3084 magis
653 3005 909 3078 erudior,
953 3005 1061 3066 sed
1104 3024 1223 3065 non
1278 3005 1335 3066 in
1396 3006 1513 3067 hoc
1564 3006 1934 3085 justificatus
2001 3025 2150 3066 sum.
2240 2999 2583 3065 Advocabo
2639 2999 2850 3078 itaque

248 3111 508 3189 bestias,
554 3134 706 3196 quae
749 3115 891 3177 mihi
934 3124 1188 3195 paratae
1234 3125 1395 3189 sunt,
1440 3116 1591 3177 haec
1638 3115 1792 3176 enim
1850 3125 1945 3176 est
2001 3116 2200 3176 oratio
2262 3134 2444 3186 mea,
2501 3118 2567 3170 ut
2625 3107 2850 3170 celeres

250 3224 393 3285 mihi
434 3225 819 3287 inveniantur
859 3227 921 3288 in
965 3233 1237 3306 tempore
1282 3244 1415 3287 suo.
1504 3226 1831 3287 Blanditiis
1877 3244 2019 3305 ergo
2065 3245 2171 3287 eas
2215 3224 2494 3286 incitabo
2520 3266 2536 3293 ‚
2598 3228 2666 3279 ut
2726 3218 2848 3279 cito

252 3352 343 3393 me
388 3335 709 3410 dovorent,
757 3343 821 3396 et
859 3354 1002 3409 non,
1047 3336 1203 3398 sicut
1246 3335 1540 3415 quosdam
1585 3336 1818 3397 veritae
1876 3342 2016 3396 sunt
2058 3343 2121 3394 et
2179 3352 2299 3395 non
2344 3332 2701 3411 tetigerunt.
2770 3326 2842 3389 Si
2919 3367 2925 3380 ι

252 3451 458 3505 autem
498 3444 673 3524 ipsae
716 3443 1036 3517 noluerint,
1081 3463 1191 3525 ego
1235 3445 1324 3506 eis
1369 3446 1489 3506 vim
1519 3444 1763 3507 faciam.
1831 3444 1924 3505 Ne
1954 3464 2048 3505 me
2080 3443 2572 3523 reprehendatis,
2625 3436 2849 3497 fratres

253 3552 401 3627 sci0‚
448 3553 587 3634 quid
628 3573 724 3615 me
768 3553 1037 3633 adjuvet,
1097 3573 1251 3616 nunc
1295 3553 1451 3616 enim
1495 3554 1718 3634 incipio
1764 3554 2095 3633 discipulus
2142 3572 2274 3615 esse
2332 3560 2394 3614 et
2436 3547 2849 3618 Christianus,

254 3662 394 3742 quia
464 3681 583 3725 non
654 3664 974 3744 magnifico
1018 3683 1121 3739 ea,
1173 3683 1327 3745 quae
1369 3665 1652 3725 videntur
1668 3684 1686 3739 3
1753 3664 1810 3723 in
1853 3663 2224 3725 absconditis
2285 3664 2444 3725 enim
2505 3670 2567 3723 et
2607 3661 2668 3724 in
2715 3674 2851 3719 ma-
2912 3719 2916 3723 .

255 3772 492 3837 nifestis
536 3775 689 3837 Jesu
732 3774 976 3837 Christo
1038 3775 1251 3853 dignus
1311 3775 1441 3835 fieri
1500 3774 1798 3836 desidero.
1906 3776 2111 3854 Ignem
2155 3773 2308 3835 enim
2370 3781 2435 3834 et
2492 3791 2722 3834 crucem
2787 3772 2853 3832 et

256 3885 495 3949 turbam
535 3886 899 3960 bestiarum,
947 3894 1010 3948 et
1049 3895 1117 3947 ut
1158 3886 1468 3965 discerpar
1511 3893 1576 3946 et
1618 3885 1869 3958 dividar,
1915 3893 1978 3950 et
2008 3884 2444 3965 dispersionem
2504 3884 2731 3947 ossium
2778 3879 2869 3945 et‘

259 3999 686 4062 abscissionem
756 3998 1158 4060 membrorum
1222 4005 1287 4058 et
1328 3996 1731 4076 perditionem
1774 3997 1964 4058 totius
2009 3995 2283 4074 corporis
2346 4002 2410 4056 et
2450 3993 2655 4055 omnia
2697 4012 2845 4074 sup-

260 4108 434 4187 plicia
473 4109 673 4172 hostis
715 4110 777 4170 in
819 4129 915 4171 me
959 4107 1307 4181 ostendant,
1354 4116 1417 4168 et
1459 4106 1658 4168 solum
1701 4107 1913 4168 Jesum
1960 4105 2270 4168 Christum
2316 4104 2634 4166 inveniam.

1350 4406 1569 4487 Cap.
1614 4406 1760 4470 VI.

498 4551 661 4614 Nihil
708 4551 853 4614 mihi
897 4553 1211 4631 (prosunt)
1253 4550 1496 4611 termini
1539 4547 1717 4627 hujus
1761 4547 1988 4622 mundi,
2033 4566 2143 4608 nec
2187 4563 2431 4627 regnum
2466 4546 2618 4626 ejus,
2651 4565 2843 4627 neque

264 4666 631 4746 principatus
672 4660 963 4741 temporis
1008 4660 1202 4739 hujus,
1284 4658 1556 4738 Expedit
1601 4658 1743 4719 mihi
1785 4657 2016 4737 magis,
2074 4667 2143 4718 ut
2200 4676 2332 4719 cum
2390 4653 2634 4722 Christo
2694 4655 2845 4717 Jesu

266 4775 504 4850 moriar,
565 4792 743 4855 quam
788 4779 858 4832 ut
894 4790 1140 4849 regnem
1183 4789 1369 4850 super
1414 4768 1701 4831 terminos
1745 4777 1965 4829 terrae.
2048 4767 2205 4828 Eum
2254 4785 2512 4847 quaero,
2578 4766 2677 4846 qui
2731 4783 2844 4845 pro

2923 5029 3167 5141 Γ
