3229 5235
1645 378 1689 442 4

368 562 448 625 ad
486 561 835 636 Romanos,
895 562 954 624 in
1014 563 1220 644 lingua
1279 563 1533 647 Syriaca
1604 586 1760 629 nunc
1817 568 2076 648 primum
2138 566 2373 646 integra
2428 566 2755 646 proposita
2822 584 2960 657 cum

363 699 584 781 gaudio
627 707 1019 782 suscepturos
1062 721 1217 763 esse.

522 865 753 944 Codex,
796 868 860 930 in
902 888 1018 950 quo
1061 861 1214 932 haec
1256 877 1399 933 acta
1440 871 1839 943 continentur,
1892 889 1932 931 a
1964 867 2232 951 Georgio
2258 869 2568 950 Ebedjesu
2594 868 2956 951 Khayyath,

361 1005 813 1088 archiepiscopo
857 1007 1246 1082 Amadiensi,
1299 1008 1639 1089 descriptus
1684 1015 1780 1070 est
1831 1007 1889 1069 in
1943 1007 2136 1083 libro,
2195 1007 2290 1072 cui
2328 1008 2683 1089 inscriptio:
2773 1003 2955 1088 „Syri

357 1142 726 1221 Orientales,
759 1166 865 1209 seu
901 1146 1199 1208 Chaldaei
1225 1145 1285 1208 N
1289 1146 1579 1208 estoriani
1611 1155 1675 1208 et
1701 1145 2117 1209 Romanorum
2145 1146 2494 1227 pontificum
2522 1144 2945 1217 Primatus.“1)

350 1284 415 1346 In
459 1285 576 1347 hoc
617 1283 772 1347 libro
817 1285 1205 1348 doctissimus
1249 1293 1462 1348 auctor
1500 1303 1564 1366 p.
1616 1284 1750 1359 118,
1797 1285 1915 1349 122
1958 1294 2022 1347 et
2065 1278 2183 1348 1'29
2225 1285 2515 1349 certiores
2565 1303 2679 1348 nos
2722 1282 2946 1356 reddit,

348 1420 504 1485 haec
545 1431 685 1484 acta
723 1423 1000 1505 martyrii
1041 1443 1090 1485 s.
1133 1424 1356 1503 Ignatii
1401 1431 1614 1486 extare
1685 1422 1766 1483 in
1832 1423 2155 1504 antiquo
2210 1423 2757 1505 manuscripto
2799 1419 2947 1484 Ne·-

347 1560 753 1636 storiano,
795 1580 950 1624 nunc
994 1562 1090 1623 ad
1133 1561 1600 1625 coenobium
1642 1560 2103 1624 Hormisdae
2147 1560 2511 1641 pertinente,
2556 1581 2632 1623 ex
2674 1581 2829 1643 quo,
2873 1582 2943 1626 se

341 1698 482 1780 ipso
514 1717 762 1778 operam
789 1699 1256 1784 qualemcunque
1285 1703 1639 1784 praebente,
1664 1701 1840 1782 jussu
1883 1708 1945 1762 et
1974 1701 2317 1781 sumptibus
2349 1721 2396 1763 s.
2430 1700 2941 1783 Congregationis

346 1836 419 1900 de
462 1839 878 1920 Propaganda
918 1840 1069 1902 Fide
1125 1841 1283 1904 inter
1325 1842 1447 1903 alia
1490 1861 1677 1922 opera
1730 1842 1883 1904 haec
1926 1860 2163 1923 quoque
2220 1848 2364 1903 acta
2417 1839 2725 1919 descripta
2778 1846 2939 1901 sunt.

338 1974 479 2040 Hoc
502 1977 814 2058 exemplar
830 1978 1094 2039 Romam
1127 1978 1392 2040 delatum
1432 1977 1932 2040 etBibliothecae
1950 1978 2298 2056 Borgianae
2330 1976 2439 2038 sub
2475 1995 2722 2038 numero
2736 1975 2942 2038 XVIII

336 2113 630 2177 insertum
669 2122 783 2190 est,
830 2134 909 2177 ex
952 2134 1067 2196 quo
1114 2123 1275 2189 acta,
1321 2134 1477 2196 quae
1520 2134 1676 2176 nunc
1713 2113 1931 2195 publici
1952 2112 2106 2193 juris
2138 2114 2315 2189 facio,
2360 2114 2731 2178 describendi
2759 2114 2937 2196 copia

338 2251 484 2314 mihi
525 2253 695 2317 facta
737 2262 850 2317 est.

497 2420 594 2482 De
634 2418 836 2482 indole
875 2417 1055 2498 hujus
1097 2417 1392 2479 versionis
1432 2417 1550 2480 hoc
1590 2416 1723 2480 loco
1767 2435 1888 2480 non
1930 2416 2216 2492 dicemuS,
2269 2439 2447 2500 quum
2491 2438 2651 2481 nova
2693 2428 2933 2482 tantum

296 2556 303 2565 ’
339 2566 727 2620 monumenta
764 2556 1026 2620 literalia
1067 2556 1244 2619 edere
1291 2567 1354 2619 et
1398 2556 1697 2639 explicare
1741 2557 1804 2619 in
1847 2555 2094 2620 consilio
2141 2558 2493 2621 habeamus.
2596 2557 2662 2619 Id
2691 2566 2930 2622 tantum

338 2713 685 2770 monemuS,
753 2695 973 2778 Syrum
1034 2715 1220 2777 saepe
1280 2714 1516 2757 summa
1589 2715 1722 2757 cum
1778 2695 2031 2758 licentia
2094 2704 2158 2757 et
2216 2716 2641 2777 nonnunquam
2707 2716 2933 2777 magna

338 2851 473 2896 cum
528 2833 879 2915 ignorantia
937 2842 1174 2897 textum
1235 2832 1538 2896 Graecum
1593 2835 2009 2915 transtulisse3
2075 2855 2259 2917 quare
2313 2836 2501 2897 haud>
2532 2836 2933 2917 approbanda

335 2983 495 3048 sunt,
551 2941 707 3055 quae
752 2974 827 3036 de
872 2972 1272 3037 consonantia
1325 2980 1531 3034 textus
1595 2973 1905 3052 originalis
1952 2983 2014 3035 et
2057 2974 2233 3054 hujus
2291 2974 2585 3037 versionis
2629 2974 2924 3057 Syriacae

334 3114 397 3176 in
454 3112 701 3176 laudato
744 3112 897 3175 libro
942 3112 1456 3177 Reverendissimi
1498 3112 1829 3192 Khayyath
1872 3131 2009 3192 pag.
2063 3113 2178 3173 130
2219 3112 2519 3193 leguntur.

498 3272 836 3341 Alterum
893 3279 1308 3341 literarum
1352 3284 1938 3349 monumentum,
1984 3277 2148 3358 quod
2188 3277 2262 3338 de
2311 3277 2587 3357 epistolis
2628 3300 2679 3342 S.
2708 3279 2924 3360 Ignatii

335 3425 586 3493 tractat,
632 3425 696 3479 et
736 3437 893 3479 nunc
932 3415 1187 3497 primum
1232 3415 1530 3479 edendum
1573 3415 1807 3488 curavi,
1866 3414 1936 3475 in
1979 3415 2251 3478 codice
2296 3414 2649 3478 Arabico
2692 3418 2921 3481 Vati-

335 3573 529 3617 cano
578 3555 687 3616 101
735 3555 1059 3634 reperitur,
1107 3554 1349 3616 saeculo
1374 3553 1551 3615 XIV.
1597 3552 1849 3633 script0,
1894 3571 2069 3634 quem
2097 3553 2232 3616 Jos.
2264 3553 2666 3617 Assemanius
2696 3555 2757 3618 in
2784 3556 2923 3620 Bib.

332 3689 436 3754 Or.
480 3698 628 3754 tom.
667 3690 712 3754 Ι.
754 3711 899 3773 pag.
942 3690 1064 3753 624
1115 3692 1226 3754 sub
1270 3690 1496 3754 xxm.
1541 3692 1783 3754 uberius
1829 3690 2137 3754 describit.
2234 3691 2527 3755 Continet
2581 3693 2677 3756 hic
2729 3694 2925 3757 codex

244 3911 247 3914 .
327 3828 770 3893 versionem
814 3829 1250 3892 Arabicam
1293 3828 1727 3909 epistolae,
1770 3848 1817 3889 s.
1860 3828 2182 3908 Ignatio
2227 3830 2717 3911 adscriptae,
2764 3850 2921 3914 quae

330 3988 368 4031 a
408 3966 715 4031 Curetono
757 3967 820 4029 in
863 3966 1137 4048 Corpore
1177 3967 1497 4047 Ignatiano
1540 3986 1680 4047 pag.
1726 3964 1848 4029 257
1887 3965 2249 4049 Aethiopice
2292 3968 2461 4029 edita
2502 3976 2619 4030 est.

406 4115 423 4126 '¹
484 4133 783 4215 Ejusdem
816 4133 1109 4215 epistolae
1143 4133 1545 4214 fragmentum
1574 4132 1873 4213 reperitur
1901 4132 1982 4194 in
2013 4132 2061 4195 C
2081 4152 2114 4195 ο
2133 4134 2190 4196 d.
2222 4135 2281 4195 V
2299 4144 2401 4196 at.
2427 4134 2765 4199 Arabico
2799 4136 2914 4199 121

323 4289 467 4352 pag.
506 4272 561 4347 1,
593 4274 696 4355 qui
728 4272 1002 4337 continet
1036 4270 1412 4335 collectanea
1441 4290 1517 4333 ex
1543 4270 1700 4334 libro
1746 4272 2188 4349 „confessionis
2220 4294 2269 4336 S.
2299 4270 2555 4337 Patrum
2589 4274 2919 4355 Apostoli·
2981 4267 2990 4272 ’

463 4596 509 4663 ¹)
546 4599 757 4659 Romae,
808 4600 941 4665 typis
989 4614 1028 4649 s,
1075 4594 1490 4663 congregationis
1538 4597 1600 4648 de
1646 4598 1982 4665 Propaganda
2029 4596 2152 4649 Fide
2203 4598 2362 4659 1870,
2428 4603 2481 4649 et
2523 4593 2727 4663 Lipsiae
2776 4596 2913 4664 apud

318 4700 628 4755 Brockhaus.
698 4705 850 4756 Hunc
885 4704 1066 4755 librum
1104 4703 1355 4761 omnibuS‚
1391 4704 1481 4768 qui„
1513 4703 1794 4755 doctrinam
1832 4706 2066 4771 antiquae
2102 4704 2359 4755 Ecclesiae
2396 4699 2668 4754 orientalis
2718 4703 2779 4755 de
2830 4693 2962 4772 in?-

315 4810 618 4863 fallibilitate
654 4812 996 4895 Romanorum
1028 4811 1516 4888 Ppptificumbnossbe
1554 4811 1864 4883 desiderant,
1901 4827 2201 4879 magnopere
2238 4814 2660 4873 commendamus,
