3229 5235
1412 383 1491 447 17

1643 484 1675 524 θ

184 576 242 632 ut
278 567 490 646 Deum,
536 577 598 631 et
641 588 777 632 eum
819 576 1102 651 gustasse
1147 577 1404 632 mortem
1447 569 1508 631 in
1554 586 1809 649 corpore
1833 615 1851 642 ,
1906 588 2089 650 quum
2147 569 2232 631 sit
2272 569 2635 631 immortalis
2678 577 2745 632 ut

183 680 356 742 Deus.
441 678 508 743 Si
551 680 747 754 audis,
788 681 983 742 Deum
1022 698 1133 761 pro
1176 679 1351 742 nobis
1390 698 1642 760 passum
1687 699 1848 755 esse,
1895 686 1957 742 et
1978 680 2175 742 Deum
2196 679 2468 743 Verbum
2497 688 2750 762 propter

184 810 288 853 nos
330 801 629 854 mortuum
672 810 829 864 esse,
873 789 1160 871 intellige,
1203 809 1315 853 nos
1349 789 1600 871 jungere
1657 799 1906 853 naturas
1967 791 2030 853 in
2086 791 2319 854 unitate
2382 790 2631 853 deitatis
2690 800 2752 854 et

185 901 590 975 humanitatis,
634 910 698 964 et
737 901 1048 964 nominare
1094 920 1231 963 eam
1272 901 1390 963 hoc
1435 901 1677 964 nomine
1719 919 1859 975 un0‚
1894 901 2057 982 quod
2088 900 2364 964 convenit
2388 901 2626 974 deitati,
2670 900 2754 963 si-

189 1019 279 1074 cut
318 1020 382 1073 tu
424 1029 658 1092 quoque
702 1031 778 1073 ex
819 1011 1051 1072 duabus
1092 1010 1317 1073 naturis
1360 1011 1598 1073 animae
1643 1018 1705 1073 et
1746 1012 2021 1092 corporis
2085 1012 2410 1074 nominaris
2475 1011 2591 1074 hoc
2634 1030 2753 1074 uno

188 1122 434 1198 nomine,
481 1122 644 1203 quod
685 1121 913 1184 homini
958 1120 1262 1186 convenit.
1345 1121 1430 1182 Et
1474 1122 1678 1184 anima
1721 1130 1828 1184 tua
1868 1121 2236 1186 immortalis
2282 1130 2381 1186 est
2424 1140 2501 1184 ex
2540 1129 2759 1184 natura

190 1251 308 1305 sua,
350 1239 412 1293 et
454 1232 733 1313 quamvis
777 1251 897 1294 non
941 1240 1037 1294 est
1096 1230 1290 1294 deitas
1319 1277 1336 1305 ,
1409 1239 1612 1294 tamen
1679 1240 1774 1295 est
1842 1231 1968 1295 sine
2043 1251 2316 1314 corpore.
2407 1232 2493 1293 Et
2563 1231 2763 1312 digni-

193 1350 387 1416 tatem,
431 1361 612 1423 quam
652 1342 856 1424 placet
896 1342 1227 1405 attribuere
1273 1341 1588 1405 animabus
1632 1343 1859 1406 nostris
1880 1391 1897 1419 ,
1943 1341 2177 1406 scilicet
2216 1342 2763 1420 immortalitatem,

195 1453 481 1536 quomodo
531 1474 651 1517 non
694 1454 904 1536 placet
944 1455 1279 1517 attribuere
1325 1473 1461 1516 eam
1506 1453 1810 1517 divinitati
1854 1455 1955 1516 uni
1994 1454 2059 1516 in
2099 1454 2419 1530 Trinitate,
2461 1455 2569 1530 illi,
2612 1473 2766 1538 quae

199 1573 285 1628 est
319 1564 379 1628 in
422 1566 604 1629 unico
650 1566 803 1629 Filio
846 1565 1112 1628 Domino
1155 1575 1369 1628 nostro
1411 1566 1566 1628 Jesu
1610 1564 1904 1628 Christo?
2331 1631 2336 1636 ,

422 1676 651 1739 Nonne
693 1676 833 1750 scis,
883 1677 936 1738 si
978 1675 1199 1739 dixeris
1243 1675 1530 1738 deitatem
1572 1683 1873 1738 mortuam
1917 1694 2075 1749 esse,
2118 1684 2179 1738 te
2206 1674 2568 1738 Trinitatem
2612 1673 2775 1737 occi·-

209 1786 329 1848 dere
365 1795 427 1849 et
470 1807 699 1869 corpus
719 1787 965 1851 Domini
993 1786 1055 1850 in
1086 1787 1405 1868 sepulchro
1439 1787 1665 1850 factum
1710 1807 1844 1850 esse
1886 1787 2065 1868 plane
2108 1787 2267 1850 sicut
2309 1786 2588 1861 cadaver,
2633 1785 2776 1868 quia

216 1897 539 1961 substantia
580 1918 701 1961 una
743 1907 837 1962 est
876 1898 939 1961 in
978 1898 1299 1974 Trinitate,
1345 1917 1498 1980 quae
1541 1906 1638 1961 est
1696 1898 1977 1961 divinitas
2022 1898 2187 1967 una?
2271 1898 2418 1960 Jam
2469 1896 2574 1959 ubi
2616 1916 2773 1959 nunc

211 2009 272 2083 is,
307 2010 394 2092 qui
438 2020 710 2074 mortem
751 2010 972 2073 devicit
1032 2017 1094 2073 et
1134 2009 1430 2072 infernum
1486 2010 1793 2091 captivum
1835 2009 2051 2072 duxit?
2123 2010 2216 2071 Tu
2274 2028 2411 2071 eum
2465 2007 2619 2070 facis
2663 2006 2778 2069 im-

204 2129 502 2202 potentem
547 2142 806 2185 unacum
848 2122 1101 2186 mortuis
1146 2131 1207 2185 et
1248 2122 1378 2185 sine
1421 2118 1612 2185 motu.
1671 2119 1832 2192 Quin
1860 2123 2064 2204 potius
2107 2122 2375 2185 invenies
2419 2121 2571 2183 alios
2617 2118 2778 2181 inter

203 2230 638 2308 Theomachos,
681 2233 719 2298 i.
768 2253 821 2296 e.
863 2233 980 2295 Dei
1025 2234 1509 2308 obtrectatores,
1554 2234 1655 2317 qui
1696 2235 1788 2296 ita
1832 2234 2087 2298 credunt
2145 2234 2219 2296 de
2280 2252 2561 2314 corpore,
2620 2233 2779 2315 quod

204 2342 352 2407 Deus
395 2344 525 2407 sibi
570 2344 975 2408 aedivificavit
1018 2363 1096 2407 ex
1138 2344 1429 2426 sanguine
1473 2353 1537 2407 et
1578 2364 1756 2407 carne
1783 2344 2050 2427 Virginis
2084 2383 2159 2393 —
2190 2346 2382 2426 cujus,
2427 2352 2496 2406 ut
2538 2345 2785 2418 scimus,

202 2452 319 2535 ipse
360 2463 454 2517 est
509 2448 750 2518 creator
793 2488 867 2498 --
915 2463 978 2517 et
1019 2455 1224 2518 dicunt
1265 2456 1340 2518 de
1384 2474 1478 2530 eo,
1523 2456 1684 2537 quod
1727 2475 1947 2538 corpus
1991 2455 2076 2519 sit
2117 2456 2246 2518 sine
2290 2455 2530 2529 anima,
2594 2464 2655 2518 et
2697 2455 2793 2539 di·-

204 2573 331 2629 cunt
373 2566 768 2630 divinitatem
811 2587 947 2629 esse
989 2566 1250 2629 animam
1292 2565 1444 2648 ejus
1531 2565 1693 2631 Vide
1737 2586 1904 2649 erg0,
1950 2587 2199 2650 egressa
2254 2566 2569 2632 divinitate
2628 2584 2792 2630 mor-

204 2683 357 2741 tuum
398 2686 511 2742 est
551 2697 773 2769 corpus
818 2678 1079 2742 omnino.
1120 2678 1458 2741 Erubescat
1497 2677 1704 2758 igitur,
1748 2679 1849 2761 qui
1888 2680 1980 2743 ita
2021 2680 2169 2743 dicit
2213 2689 2278 2742 et
2316 2679 2409 2743 ita
2447 2678 2791 2742 incredulus

205 2796 317 2865 est,
361 2798 427 2853 et
472 2790 694 2853 audiat
726 2790 1054 2854 Dominum
1101 2790 1428 2852 dicentem:
1471 2788 1668 2854 tristis
1714 2799 1812 2853 est
1852 2790 2055 2854 anima
2097 2810 2235 2854 mea
2276 2810 2467 2874 usque
2510 2790 2593 2853 ad
2633 2808 2798 2853 mor·-

206 2905 335 2964 tem.
376 2902 480 2965 De
533 2921 654 2983 qua
693 2922 782 2978 re,
828 2922 865 2964 o
909 2900 1212 2965 Domine?
1251 2902 1347 2965 De
1389 2900 1642 2982 popu10,
1685 2903 1786 2983 qui
1829 2903 2010 2983 perit.

382 3068 489 3127 Ex.
527 3067 801 3140 epistola
839 3068 1074 3125 decima
1109 3066 1307 3123 tertia
1344 3079 1397 3125 s.
1435 3067 1675 3135 Ignatii
1713 3034 2168 3140 archiepiscopi
2205 3066 2595 3127 Antiochiae.

442 3196 626 3259 Vere
668 3206 848 3260 natus
893 3205 989 3260 est
1031 3195 1331 3272 ChristuS,
1374 3215 1517 3259 vere
1561 3196 1686 3260 edit
1728 3206 1791 3260 et
1830 3197 2004 3272 bibit,
2047 3215 2187 3259 vere
2232 3197 2547 3261 crucifixus
2569 3242 2588 3273 ,
2660 3216 2802 3260 vere

208 3329 462 3393 passus,
511 3327 655 3371 vere
698 3308 973 3390 sepultus
1018 3315 1117 3370 est
1169 3314 1232 3370 et
1272 3306 1601 3370 resurrexit
1645 3329 1684 3370 a
1726 3309 2001 3371 mortuis.
2089 3306 2210 3379 Qui
2269 3309 2388 3372 hoc
2447 3309 2668 3382 credit,
2710 3308 2808 3371 hie

215 3428 307 3486 est
332 3422 586 3494 beatae,
633 3427 696 3481 et
720 3419 820 3500 qui
849 3420 964 3482 hoc
992 3425 1194 3499 negat,
1237 3438 1277 3480 a
1303 3419 1431 3480 vita
1469 3418 1659 3482 beata
1702 3418 1932 3482 alienus
1964 3426 2081 3494 est,
2114 3439 2298 3501 quam
2326 3439 2442 3483 nos
2472 3415 2803 3501 speramus.

212 3530 294 3594 Et
336 3533 444 3614 qui
489 3511 765 3592 dividunt
804 3548 984 3591 unum
1027 3528 1338 3592 Christum
1379 3530 1441 3607 in
1486 3530 1639 3590 duas
1682 3538 1930 3592 naturas
1973 3538 2119 3610 post
2160 3530 2461 3604 unionem,
2502 3530 2567 3591 hi
2611 3548 2803 3592 annu-

216 3643 618 3705 merabuntur
647 3659 780 3703 cum
808 3639 1299 3702 interfectoribus
1317 3639 1725 3715 DeiJudaeis,
1772 3640 1873 3721 qui
1901 3640 1962 3701 in
1991 3640 2290 3720 injustitia
2331 3641 2647 3704 dixerunt:
2691 3658 2814 3703 non

218 3763 474 3835 propter
520 3771 673 3834 opus
714 3752 940 3814 bonum
971 3751 1315 3831 lapidamus
1347 3758 1428 3824 te,
1472 3751 1581 3813 sed
1622 3761 1877 3832 propter
1917 3752 2381 3833 blasphemiam,
2426 3753 2587 3835 quia,
2631 3753 2813 3814 homo

223 3883 409 3946 quum
453 3863 566 3936 sis,
611 3862 766 3925 facis
809 3871 870 3925 te
911 3861 1112 3943 ipsum
1152 3862 1370 3925 Deum.
1454 3861 1538 3924 Et
1581 3871 1758 3924 erunt
1798 3863 1974 3927 simul
2018 3883 2153 3926 cum
2194 3864 2339 3937 illis,
2382 3862 2482 3944 qui
2524 3864 2818 3944 cogitant,

223 3972 642 4037 infirmitatem
686 3993 818 4036 esse
860 3973 920 4035 in
962 3972 1120 4036 Filio
1163 3973 1280 4035 Dei
1325 3972 1552 4047 Verb0,
1597 3980 1661 4036 et
1703 3974 1803 4057 qui
1847 3974 1997 4037 duas
2043 3982 2293 4039 naturas
2333 3975 2715 4056 profitentur.
