3229 5235
1546 379 1628 444 19

253 588 411 633 vero
456 588 590 632 cum
634 569 713 631 ad
754 568 1094 632 Romanam
1138 566 1452 630 ecclesiam
1495 565 1808 640 scriberet,
1881 566 2239 645 deprecatur
2282 584 2388 629 eos
2413 611 2431 643 ,
2475 586 2550 630 ne
2593 586 2661 629 se
2706 574 2850 629 tan-

255 699 450 762 quam
493 679 802 761 suppliciis
844 678 969 741 suis
1011 687 1331 758 parcentes
1373 677 1562 740 velint
1616 676 1855 758 privare
1915 677 2223 758 martyri0‚
2287 685 2350 740 et
2402 675 2496 738 his
2551 685 2696 758 post
2739 676 2882 738 ali-.

254 800 499 874 quanta
537 789 727 852 utitur
766 788 1000 855 verbisz
1044 788 1146 851 Ab
1189 787 1473 870 Assyria,
1516 787 1732 871 inquit,
1778 788 2036 851 Romam
2068 807 2258 869 usque
2289 808 2424 851 cum
2451 786 2669 850 bestiis
2697 793 2861 850 terra

255 901 538 983 marique
582 901 881 981 depugno,
924 898 1019 961 die
1065 917 1138 962 ac
1182 907 1361 961 nocte
1405 918 1717 961 connexus
1778 908 1839 962 et
1892 898 2213 980 colligatus
2258 898 2465 962 decem
2525 898 2855 980 leopardis,

258 1010 569 1073 militibus
611 1010 765 1084 dico,
812 1009 889 1071 ad
927 1007 1264 1070 custodiam
1307 1008 1488 1082 datis,
1518 1009 1620 1090 qui
1654 1029 1731 1071 ex
1760 1009 2062 1072 beneficiis
2090 1010 2317 1073 nostris
2346 1009 2653 1073 saeviores
2683 1009 2853 1083 fiunt,

258 1122 377 1184 sed
423 1140 535 1204 ego
583 1140 661 1184 ex
702 1118 982 1202 nequitiis
1024 1136 1233 1181 eorum
1274 1118 1473 1199 magis
1518 1118 1760 1181 erudior
1776 1121 1855 1194 5),
1888 1139 1998 1182 nec
2026 1128 2227 1183 tamen
2257 1121 2318 1182 in
2350 1119 2464 1183 hoc
2487 1119 2857 1200 justificatus

259 1251 426 1298 sum.
489 1230 812 1295 Salutares
869 1229 1102 1292 bestias
1122 1230 1202 1305 6),
1247 1248 1400 1311 quae
1457 1238 1907 1310 praeparantur
1950 1231 2133 1308 mihi,
2180 1231 2418 1313 quando
2458 1231 2753 1310 jubentur
2771 1232 2855 1307 7),

266 1345 525 1426 quando
570 1343 837 1416 venient,
884 1340 1123 1423 quando
1168 1339 1535 1414 emittentur,
1581 1341 1818 1422 quando
1863 1342 1950 1404 eis
1995 1342 2111 1404 frui
2139 1342 2347 1405 licebit
2376 1341 2654 1405 carnibus
2686 1340 2859 1416 meis,

270 1475 430 1538 quas
463 1472 581 1536 ego
630 1462 692 1516 et
733 1459 879 1533 opto
924 1450 1189 1513 acriores
1232 1451 1461 1531 parari,
1508 1459 1570 1513 et
1598 1451 1872 1515 invitabo
1914 1453 1992 1515 ad
2033 1453 2491 1517 devorationem
2520 1452 2640 1515 mei
2669 1459 2732 1514 et
2761 1451 2868 1513 de-

268 1566 593 1649 precabor,
635 1584 709 1626 ne
741 1564 922 1637 forte,
967 1570 1035 1624 ut
1061 1561 1122 1623 in
1151 1561 1447 1624 nonnullis
1480 1562 1696 1638 fecere,
1729 1563 1985 1626 timeant
2012 1566 2369 1647 contingere
2397 1585 2614 1646 corpus
2643 1583 2864 1626 meum.

276 1674 559 1761 Quinimo
621 1675 735 1738 etsi
791 1672 1259 1746 cunctabuntur,
1316 1692 1427 1753 ego
1490 1673 1609 1736 vim
1667 1674 1916 1749 faciam,
1983 1695 2097 1756 ego
2160 1697 2254 1739 me
2310 1676 2606 1757 ingeram.
2707 1676 2871 1737 Date

287 1804 507 1870 quaeso
552 1786 812 1859 veniam,
855 1801 970 1864 ego
1015 1782 1175 1856 novi,
1218 1783 1359 1864 quid
1404 1785 1697 1864 expediat
1739 1785 1903 1848 mihi.
1990 1786 2168 1850 Nunc
2225 1785 2444 1868 incipio
2490 1806 2628 1849 esse
2690 1784 2867 1848 disci-

287 1897 454 1980 pulus
497 1895 746 1959 Christi.
828 1896 1126 1957 Facessat
1165 1894 1395 1957 invidia
1434 1895 1531 1957 vel
1574 1896 1821 1958 humani
1863 1897 2116 1960 affectus
2180 1898 2277 1960 vel
2334 1899 2644 1980 nequitiae
2688 1897 2871 1979 spiri-

284 2007 442 2084 talis,
489 2015 558 2069 ut
600 2008 811 2071 Jesum
853 2004 1164 2067 Christum
1205 2023 1439 2068 merear
1480 2007 1755 2086 adipisci.
1798 2007 2002 2088 Ignes,
2050 2028 2279 2084 cruces,
2325 2010 2587 2084 bestiae,
2632 2012 2870 2094 disper-

276 2119 481 2183 siones
526 2117 786 2193 ossium,
845 2117 1288 2197 discerptiones
1340 2118 1763 2194 membrorum,
1822 2139 1896 2182 ac
1948 2121 2137 2183 totius
2198 2122 2472 2203 corporis
2528 2143 2766 2205 poenae
2810 2132 2872 2187 et

278 2231 492 2292 omnia
532 2232 596 2292 in
636 2248 732 2291 me
775 2248 957 2290 unum
1001 2227 1295 2309 supplicia.
1336 2227 1563 2291 diaboli
1606 2237 1738 2291 arte
1770 2232 2045 2311 quaesita
2076 2233 2507 2310 conflenturss),
2540 2238 2869 2303 dummodo

274 2337 594 2402 Christum
636 2317 847 2403 jesum
890 2357 1126 2401 merear
1169 2338 1447 2421 adipisci.
1534 2341 1707 2404 Haec
1743 2353 1807 2405 et
1849 2344 2041 2406 multa
2083 2345 2205 2408 alia
2248 2346 2340 2409 his
2384 2349 2611 2414 similia
2652 2355 2731 2417 ad
2776 2357 2872 2419 di-

273 2468 495 2513 versas
540 2449 827 2512 ecclesias
869 2448 1129 2530 scripsit.
1188 2450 1329 2512 Inde
1362 2469 1506 2513 vero
1539 2453 1856 2532 egrediens
1900 2456 1981 2516 ad
2008 2456 2417 2542 Polycarpum
2446 2464 2614 2527 velut
2628 2469 2685 2543 9)
2717 2487 2875 2551 apo-

272 2561 567 2625 stolicum
609 2561 802 2623 virum
845 2559 1008 2623 datis
1049 2559 1266 2623 litteris
1307 2561 1762 2628 Antiochenam
1808 2566 2126 2632 ecclesiam
2182 2571 2268 2634 illi
2329 2577 2649 2659 praecipue
2711 2601 2877 2645 com-

276 2671 611 2735 mendavit.
693 2672 1032 2754 Postquam
1077 2681 1282 2734 autem
1325 2690 1363 2733 a
1404 2673 1717 2750 militibus,
1762 2678 1978 2758 quibus
2025 2681 2285 2745 traditus
2331 2686 2566 2765 fuerat,
2610 2692 2872 2757 Romam

276 2782 526 2856 vinctus
570 2781 867 2845 adductus
910 2791 1026 2860 est,
1070 2782 1369 2863 imperiali
1415 2784 1675 2848 traditur
1717 2788 2055 2868 maJestati.
2132 2793 2463 2858 Praesente
2493 2818 2638 2863 vero
2682 2803 2877 2885 impe-

276 2899 497 2954 ratore
538 2890 837 2971 Trajano,
892 2899 1075 2973 atque
1135 2892 1610 2958 circumsedente
1670 2905 1887 2960 senatu
1951 2921 2085 2964 cum
2144 2903 2619 2989 interrogarent,
2677 2920 2879 2978 utrum

279 2998 606 3064 Christum
646 3009 928 3083 negaret,
987 3002 1229 3084 arisque
1287 3003 1466 3065 thura
1505 3004 1873 3088 imponeret:
1936 3031 2129 3095 neque
2172 3013 2479 3080 Christum
2524 3040 2592 3083 se
2635 3042 2878 3104 negare,

279 3129 489 3194 neque
548 3111 726 3175 idolis
770 3112 1134 3187 sacrificare,
1200 3114 1535 3195 respondit.
1635 3119 1789 3181 Tum
1852 3141 1997 3185 vero
2073 3124 2458 3207 imperatoris
2506 3130 2686 3210 jussu
2740 3135 2878 3215 pilis

281 3219 594 3303 plumbeis
636 3222 893 3303 primurn
935 3222 1224 3302 scapulae
1267 3223 1398 3303 ejus
1443 3235 1737 3291 contusae
1769 3277 1785 3305 ‚
1832 3231 2049 3295 deinde
2093 3238 2329 3316 ungulis
2370 3238 2567 3303 latera
2610 3242 2742 3322 eJus
2787 3244 2879 3308 di-

282 3330 528 3394 laniata
547 3340 688 3395 sunt
716 3341 780 3396 et
813 3333 1113 3414 lapidibus
1148 3335 1384 3415 asperis
1412 3336 1766 3400 confricata.
1834 3340 2007 3412 Quae
2038 3364 2216 3426 quum
2246 3351 2551 3429 patienter
2579 3355 2883 3436 sufferret,

284 3460 408 3505 nec
450 3442 836 3523 passionibus
878 3445 1141 3520 cederet,
1188 3464 1497 3526 expansae
1527 3467 1741 3512 manus
1773 3450 1902 3530 ejus
1934 3453 2069 3534 igne
2108 3457 2349 3538 repleri,
2393 3462 2608 3527 deinde
2646 3485 2880 3550 papyro

292 3550 438 3615 oleo
479 3552 705 3629 infuso,
751 3563 812 3617 et
850 3554 1094 3617 incenso
1138 3555 1336 3618 latera
1377 3557 1505 3637 ejus
1549 3558 1724 3621 aduri
1757 3560 2066 3640 jubentur.
2112 3566 2285 3638 Quae
2315 3570 2455 3634 dum
2499 3574 2888 3643 nihilominus

289 3681 413 3745 pro
459 3664 692 3728 Christi
733 3684 942 3729 amore
989 3666 1297 3741 toleraret,
1340 3668 1703 3733 carbonibus
1760 3672 1967 3753 ignitis
2009 3678 2361 3756 pavimento
2408 3686 2677 3766 aspersis
2718 3690 2893 3754 nudis

294 3775 557 3857 pedibus
602 3796 783 3859 super
823 3777 1172 3857 imponitur.
1220 3775 1490 3859 Cumque
1535 3780 1931 3845 saevissimus
1972 3785 2275 3869 Trajanus
2320 3812 2511 3876 neqne
2553 3796 2611 3859 in
2655 3798 2893 3873 hocw)

300 3904 441 3949 eum
483 3885 565 3947 ad
608 3906 721 3949 sua
753 3886 936 3966 jussa
967 3886 1129 3949 flecti
1159 3886 1560 3967 conspiceret,
1605 3891 1947 3973 suppletum
1980 3895 2069 3972 11)
2097 3899 2298 3979 ignem
2330 3906 2688 3971 candentem
2710 3907 2897 3989 jussit

304 3996 576 4070 extendi,
634 4014 813 4079 quae,
871 4005 939 4059 ut
999 4007 1205 4060 cetera
1248 4006 1688 4064 tormentorum
1730 4021 1969 4084 genera,
2013 4006 2269 4073 invictus
2313 4011 2543 4079 Christi
2584 4022 2899 4102 superavit

303 4105 564 4168 athleta.
647 4104 917 4174 Cernens
963 4115 1167 4170 autem
1209 4108 1428 4190 impius
1473 4108 1739 4186 Caesar,
1786 4113 1964 4176 nullis
2022 4137 2159 4179 eum
2221 4122 2433 4199 minis,
2499 4128 2673 4191 nullis
2738 4132 2899 4198 flecti

303 4234 496 4298 posse
556 4215 911 4291 tormentis,
968 4217 1215 4279 dorsum
1270 4218 1398 4298 ejus
1457 4221 1698 4300 ungulis
1754 4204 2015 4287 discindi
2068 4237 2251 4312 atque
2309 4233 2644 4313 dilacerari,
2687 4239 2901 4307 deinde

309 4335 491 4391 aceto
533 4326 790 4408 saleque
832 4327 1047 4408 plagas
1092 4327 1221 4407 ejus
1253 4330 1556 4409 perfundi,
1600 4350 1675 4395 ac
1706 4334 1956 4398 vinculis
1987 4336 2197 4404 ferreis
2228 4342 2413 4407 beata
2441 4349 2712 4411 membra
2743 4350 2904 4418 illius

313 4436 589 4519 astringi,
632 4445 697 4499 et
738 4437 926 4518 pedes
975 4438 1108 4519 ejus
1151 4438 1213 4500 in
1255 4438 1375 4500 ima
1405 4439 1663 4503 carceris
1705 4441 1865 4525 liguo
1910 4449 2095 4511 atteri
2123 4450 2541 4534 indignatione
2571 4464 2903 4545 praecepit,

314 4547 419 4610 ubi
475 4547 669 4611 tribus
727 4547 937 4611 diebus
998 4567 1073 4611 ac
1130 4550 1413 4612 noctibus
1471 4570 1667 4632 neque
1726 4573 1949 4634 panem
2010 4564 2371 4640 comedens,
2430 4588 2625 4653 neque
2688 4592 2907 4655 aquam

319 4657 534 4721 bibens
577 4659 930 4739 permansit.
1014 4655 1253 4728 Quarta
1296 4668 1498 4723 autem
1557 4662 1655 4725 die
1698 4664 1971 4745 Trajano
2029 4673 2281 4737 sedente
2336 4696 2448 4758 pro
2509 4680 2795 4746 tribunali
2850 4683 2911 4746 in

323 4768 800 4849 amphitheatro,
841 4778 1234 4834 concurrente
1281 4771 1443 4834 omni
1474 4772 1655 4836 turba
1682 4773 2117 4856 Romanorum,
2158 4783 2550 4867 imperatoris
2578 4803 2909 4876 praecepto

2406 4899 2485 4949 2·
