3229 5235
1593 294 1633 358 8

318 481 673 544 adacturum
716 500 874 554 esse,
916 487 988 542 ut
1014 486 1122 543 aut
1149 478 1540 542 daemonibus
1585 479 2022 555 sacrificarent,
2066 489 2173 544 aut
2202 481 2418 564 capitis
2449 482 2907 554 damnarentur,

315 600 379 655 et
420 612 598 674 quum
641 592 759 653 hac
800 591 1036 653 ratione
1082 611 1188 654 eos
1231 599 1518 653 vexaret:
1584 592 1799 654 eodem
1854 601 2126 673 tempore
2171 593 2442 672 Ignatius
2504 593 2577 665 de
2641 591 2909 655 ecclesia

308 700 828 765 Antiochenorum
872 704 1107 775 anxius,
1153 702 1328 764 fortis
1372 709 1574 764 autem
1619 722 1730 783 pro
1774 701 2021 781 Christo,
2062 704 2272 779 mileS‚
2320 710 2732 783 suasponte,
2775 720 2902 763 non

308 815 368 875 vi
413 824 685 889 coactuS,
730 814 809 875 ad
850 812 1184 892 Trajanum
1226 811 1410 885 venit,
1454 812 1553 893 qui
1614 821 1770 875 tunc·
1807 814 2098 895 temporis
2139 813 2509 877 Antiochiae
2557 829 2905 876 commora-

305 925 487 985 batur
514 916 593 986 'et
631 924 769 986 inde
826 922 1185 996 festinabat,
1243 931 1311 984 ut
1368 923 1661 986 adversus
1708 921 2008 987 Armenos
2069 933 2131 986 et
2171 925 2439 987 Parthos
2484 924 2900 987 descenderet.

302 1032 390 1096 Ut
433 1042 639 1096 autem
678 1033 737 1094 in
783 1041 1105 1112 conspectu
1150 1032 1402 1111 Trajani
1446 1034 1641 1108 stetit,
1673 1033 1822 1096 dixit
1864 1035 1943 1096 ad
1986 1055 2119 1101 eum
2147 1035 2479 1115 Trajanus:
2524 1034 2658 1115 quis
2704 1053 2769 1096 es
2813 1043 2903 1107 tu,

301 1144 459 1206 male
503 1143 792 1217 daemon,
859 1143 958 1224 qui
1003 1150 1179 1220 tanta
1222 1143 1611 1206 festinatione
1669 1146 2107 1225 transgrederis
2164 1146 2517 1207 mandatum
2569 1164 2767 1207 meum
2839 1151 2903 1206 et

301 1253 435 1316 aliis
485 1255 669 1316 etiam
714 1254 1069 1334 persuades,
1114 1261 1183 1315 ut
1223 1256 1444 1318 misere
1480 1255 1791 1335 pereant?
1819 1253 2100 1319 'Sanctus
2149 1254 2422 1336 Ignatius
2465 1256 2519 1318 ei
2540 1255 2901 1336 respondit.-

297 1385 472 1428 nemo
534 1364 800 1445 appellet
858 1364 1084 1426 malum
1140 1367 1497 1427 daemonem
1570 1386 1703 1429 eum
1737 1414 1753 1441 ‚
1827 1366 1927 1448 qui
1971 1375 2068 1429 est
2106 1367 2407 1430 habitatio
2448 1367 2602 1442 Dei3
2672 1385 2899 1446 magno

299 1475 455 1537 enim
508 1475 829 1539 intervallo
886 1476 1121 1538 distant
1193 1495 1232 1536 a
1301 1478 1490 1539 servis
1548 1477 1665 1539 Dei
1730 1479 1983 1559 spiritus
2055 1479 2345 1541 immundi
2415 1477 2678 1559 malique
2748 1476 2901 1539 dae-

298 1606 542 1661 moneS,
615 1586 829 1667 quibus
901 1596 968 1649 tu
1033 1587 1244 1649 servis.
1330 1585 1442 1649 Sin
1511 1596 1717 1649 autem
1747 1637 1767 1668 ,
1837 1588 2122 1669 quoniam
2195 1590 2491 1652 molestus
2557 1607 2691 1650 sum
2759 1585 2898 1650 istis

297 1698 576 1787 malignis
650 1709 712 1760 et
780 1699 1000 1761 resisto
1066 1698 1388 1761 immundis
1464 1698 1815 1780 spiritibuS‚
1906 1700 2133 1762 malum
2198 1702 2558 1762 daemonem
2629 1718 2726 1762 me
2784 1716 2900 1760 vo-

295 1828 425 1884 cas,
493 1827 609 1887 ego
667 1828 902 1890 quoque
974 1809 1047 1871 de
1104 1809 1220 1871 hoc
1278 1809 1594 1872 consentio
1619 1829 1637 1885 3
1703 1808 1986 1872 Christus
2048 1810 2206 1872 enim
2262 1831 2372 1873 rex
2430 1810 2695 1874 coeleste
2753 1808 2899 1871 mihi

290 1919 627 2000 hospitium
671 1928 805 1992 est,
870 1919 972 2000 qui
1017 1937 1225 1981 omnes
1269 1938 1476 1981 eorum
1520 1919 1988 1982 adinventiones
2033 1920 2311 1982 dissolvit
2354 1927 2416 1982 et
2459 1921 2667 1982 irritas
2726 1918 2893 1981 facit.

288 2028 590 2108 Trajanus
634 2029 779 2129 dicit
821 2030 901 2090 ad
945 2049 1079 2091 eum
1107 2048 1123 2090 t
1149 2027 1325 2105 ‚Quis
1369 2037 1464 2091 est
1504 2032 1581 2105 is,
1629 2030 1728 2111 qui
1770 2030 1829 2092 in
1875 2050 1941 2092 se
1985 2030 2255 2112 suscepit
2299 2037 2360 2091 et
2401 2038 2613 2111 portat
2652 2027 2898 2092 Deum?

294 2141 562 2220 Ignatius
607 2147 811 2202 autem
854 2141 1128 2221 reposuit
1170 2148 1233 2202 et
1275 2140 1427 2202 dixit
1468 2141 1548 2201 ad
1592 2160 1758 2204 eum:
1805 2140 1879 2216 ie,
1926 2140 2096 2222 cujus
2141 2142 2202 2203 in
2247 2141 2426 2203 corde
2466 2138 2746 2202 Christus
2778 2148 2894 2202 est.

208 2242 211 2249 ’
290 2250 464 2313 Dicit
493 2250 549 2311 ei
577 2250 915 2330 Trajanus:
963 2270 1074 2313 nos
1121 2251 1282 2331 quod
1325 2252 1566 2325 attinet,
1611 2270 1804 2313 nonne
1833 2251 2169 2324 existima8‚
2214 2251 2363 2312 deos
2410 2269 2546 2312 esse
2591 2249 2652 2311 in
2693 2255 2894 2312 mente

291 2368 522 2436 nostra,
571 2362 672 2441 qui
715 2369 859 2423 sunt
900 2361 1216 2442 adjutores
1246 2363 1438 2423 nostri
1468 2362 1528 2423 in
1559 2362 1858 2443 proeliis?
1898 2363 2173 2443 Ignatius
2219 2368 2423 2423 autem
2454 2361 2506 2423 ei
2540 2359 2887 2441 respondit:

292 2472 619 2534 daemones
662 2471 928 2551 gentium
973 2491 1160 2534 vocas
1204 2472 1391 2534 deos?
1434 2480 1761 2554 tantopere
1806 2473 2015 2536 erras?
2097 2471 2266 2535 Unus
2329 2471 2488 2534 enim
2548 2479 2647 2534 est
2703 2471 2895 2543 DeuS,
2963 2524 2978 2537 ,

293 2583 394 2665 qui
437 2583 580 2646 fecit
619 2582 1018 2646 haecomnia
1058 2583 1119 2645 in
1167 2584 1339 2647 coelo
1400 2593 1463 2646 et
1505 2585 1567 2646 in
1629 2594 1793 2648 terra
1836 2595 1899 2648 et
1940 2586 2003 2647 in
2045 2584 2311 2648 maribus
2357 2591 2420 2670 et
2462 2581 2687 2658 omnia,
2736 2599 2889 2663 quae

291 2698 354 2759 in
398 2694 487 2756 eis
530 2701 689 2767 sunt,
734 2701 798 2756 et
837 2714 990 2757 unus
1030 2694 1212 2758 Jesus
1256 2693 1557 2768 ChristuS,
1603 2696 1793 2758 Filius
1838 2698 1967 2774 ejus
2033 2696 2281 2769 unicuS,
2346 2697 2409 2758 iu
2473 2695 2642 2775 cujus
2687 2711 2893 2755 amore

292 2805 497 2867 vivere
541 2805 841 2867 desidero,
924 2805 1089 2867 Dicit
1129 2806 1209 2867 ad
1252 2825 1386 2868 eum
1426 2805 1766 2886 Trajanus:
1813 2806 1886 2867 de
1932 2825 2004 2868 eo
2049 2806 2314 2888 loqueris
2340 2853 2356 2880 ‚
2415 2808 2517 2888 qui
2576 2804 2893 2869 crucifixus

297 2923 392 2976 est
432 2933 636 2977 coram
678 2916 897 2978 Pontio
928 2917 1178 2979 Pilato?
1218 2916 1389 2979 Dicit
1434 2917 1490 2978 ei
1520 2917 1834 2996 Ignatius:
1880 2936 2014 2979 eum
2059 2918 2218 2992 dice,
2262 2918 2364 2999 qui
2408 2915 2705 2981 crucifixit
2746 2935 2895 2997 pec-

298 3033 501 3088 catum
544 3033 607 3088 et
631 3027 1006 3089 inventorem
1037 3028 1188 3108 ejus,
1236 3047 1370 3089 eum
1412 3028 1577 3102 dico,
1622 3028 1723 3109 qui
1765 3027 1908 3090 vicit
1935 3028 2233 3091 malitiam
2273 3028 2639 3091 daemonum
2671 3045 2894 3109 eosque

296 3135 557 3214 subjecit
599 3138 708 3198 sub
751 3138 1007 3219 pedibus
1051 3158 1275 3213 eorum,
1319 3141 1420 3221 qui
1465 3137 1773 3203 Christum
1815 3147 2072 3221 portant
2112 3141 2172 3202 in
2219 3140 2500 3202 cordibus
2546 3139 2689 3201 suis.
2733 3138 2893 3202 Tra-

290 3252 471 3335 janus
517 3258 722 3311 autem
767 3249 913 3311 dicit
955 3248 1034 3310 ad
1078 3269 1245 3312 eum:
1313 3258 1380 3312 tu
1425 3268 1563 3329 ergo
1607 3249 1852 3312 induisti
1895 3248 2202 3313 Christum
2245 3257 2307 3312 et
2350 3249 2610 3313 vestitus
2654 3270 2720 3313 es
2765 3249 2890 3312 eo?

294 3359 561 3441 Ignatius
607 3359 761 3422 dixit
804 3361 883 3422 ad
925 3379 1090 3422 eum:
1139 3380 1320 3435 sane3
1363 3361 1658 3441 scriptum
1703 3368 1800 3422 est
1844 3361 2035 3423 enim:
2080 3360 2371 3423 habitabo
2414 3363 2478 3422 in
2521 3360 2610 3423 eis
2655 3368 2717 3422 et
2759 3379 2894 3422 am-

296 3472 525 3534 bulabo
568 3473 631 3534 in
674 3472 782 3554 eis.
885 3471 1187 3551 Trajanus
1232 3470 1412 3533 dixit:
1457 3471 1886 3553 praecipimuS‚
1941 3479 2012 3533 ut
2063 3472 2371 3551 Ignatius,
2432 3473 2532 3552 qui
2590 3470 2771 3534 dicit:
2828 3470 2894 3532 in

301 3582 463 3645 omni
501 3582 637 3645 loco
681 3583 746 3643 in
790 3581 970 3644 corde
1012 3601 1148 3644 meo
1190 3590 1369 3663 porto
1415 3601 1570 3655 eum,
1614 3581 1715 3663 qui
1759 3581 2075 3644 crucifixus
2115 3588 2230 3655 est,
2274 3582 2337 3643 in
2381 3580 2637 3644 vinculis
2682 3588 2745 3642 et
2785 3598 2895 3661 per

300 3713 518 3758 manus
546 3695 967 3757 Romanorum
994 3692 1258 3755 Romam
1299 3710 1579 3772 magnam
1624 3692 1760 3767 ibit,
1803 3692 2019 3773 inqua
2059 3692 2226 3754 cibus
2269 3692 2378 3754 fiat
2420 3692 2779 3765 bestiarum,
2828 3698 2894 3751 et

300 3806 559 3886 populus
602 3805 1022 3868 Romanorum
1065 3803 1138 3864 de
1185 3822 1256 3864 eo
1316 3802 1671 3877 delectetur,
1739 3802 1951 3863 videns
2010 3802 2150 3883 quid
2224 3802 2277 3864 ei
2351 3801 2603 3863 accidat.
2688 3796 2888 3869 Quam

300 3917 666 3980 sententiam
711 3934 844 3977 cum
888 3920 1136 3976 sanctus
1182 3921 1410 3995 martyr
1455 3913 1811 3985 audivisset,
1851 3931 2072 3992 magno
2105 3931 2238 4000 cum
2269 3912 2492 3992 gaudio
2523 3910 2894 3975 exclamavit

302 4038 366 4092 et
407 4028 596 4091 dixit:
645 4026 917 4107 glorifico
962 4033 1022 4086 te
1066 4025 1343 4098 Domine,
1389 4023 1532 4105 quia
1575 4023 1823 4104 dignum
1865 4043 1960 4085 me
1990 4022 2195 4085 fecisti
2223 4041 2430 4084 amore
2462 4029 2566 4084 tuo
2596 4022 2892 4102 perfecto,

304 4150 368 4203 et
390 4159 486 4225 me
519 4137 806 4218 dignatus
850 4156 916 4197 es
947 4134 1199 4198 vinculis
1229 4134 1519 4215 Apostoli
1565 4134 1654 4197 tui
1682 4133 1858 4195 Pauli
1902 4142 1966 4195 et
2006 4132 2210 4213 ligasti
2239 4151 2335 4194 me
2379 4132 2612 4195 catenis
2657 4131 2889 4194 ferreis.

299 4249 500 4322 Quum
541 4251 698 4311 haec
742 4246 1034 4321 dixisset,
1091 4265 1308 4326 magno
1355 4265 1509 4310 cum.
1533 4244 1760 4326 gaudio
1802 4242 2038 4306 vincula
2100 4244 2371 4323 suscepit
2428 4250 2489 4304 et
2548 4242 2713 4323 prius
2773 4260 2888 4322 pro

301 4362 563 4427 ecclesia
614 4360 820 4422 multis
866 4378 999 4421 cum
1039 4356 1304 4419 lacrimis
1351 4357 1583 4431 oravit,
1647 4354 1971 4418 Dominum
2015 4374 2188 4417 suum
2246 4354 2520 4416 imitatus
2593 4370 2665 4414 eo
2728 4352 2891 4433 quod

301 4473 455 4535 sicut
486 4473 643 4534 aries
686 4470 905 4534 nobilis
937 4488 1177 4550 gregem
1209 4488 1381 4531 suum
1409 4467 1879 4548 pulcherrimum
1911 4465 2321 4547 praecedebat
2361 4472 2424 4527 et
2468 4485 2507 4527 a
2538 4463 2779 4525 feritate
2828 4473 2891 4525 et

300 4584 562 4647 saevitia
586 4584 1002 4647 Romanorum
1036 4579 1414 4663 rapiebatur,
1456 4586 1526 4640 ut
1557 4579 1619 4641 in
1663 4579 1861 4641 cibum
1905 4579 2166 4640 ferarum
2208 4586 2589 4641 cruentarum
2629 4576 2888 4639 Romam

252 4707 255 4712 ’
300 4694 664 4759 mitteretur.
