3229 5235
1607 355 1696 420 22

329 527 482 609 Cap.
522 529 585 590 H
626 529 1022 617 παράσχεθε
1062 537 1573 626 σπονδισθῆναι,
1614 561 1735 606 nou
1775 544 1892 611 τοῦ
1920 550 2534 622 σπονδιασθῦναιῑιι
2545 558 2921 624 Petermaun

756 641 961 707 edidit.

317 833 322 838 ῃ
607 751 746 814 ἀπὸ
789 751 1107 841 ανατολῆς
1146 754 1376 822 τοῦτον
1416 755 2041 852 μεταπεμψάμενοσ·
2082 768 2280 836 καλον
2322 780 2439 836 etc.

206 886 207 891 ¹
324 859 476 942 Cap.
521 861 606 923 111
650 861 758 925 καὶ
796 861 1064 944 λέγεθαι
1103 863 1408 949 δύνωμαι.

611 966 718 1036 ὅτε
758 971 980 1055 κόσμῳ
1018 975 1113 1064 μή
1155 980 1490 1061 φαίνομαι·
1537 992 1603 1046 ut
1646 984 1808 1066 vulg.
1855 986 2064 1050 editio,

609 1083 777 1147 Finis
822 1086 998 1165 hujus
1046 1087 1262 1168 capitis
1307 1090 1503 1167 deest,
1549 1102 1617 1156 ut
1659 1095 1720 1157 in
1764 1096 1856 1159 ed.
1900 1097 2209 1164 Cotelerii.

212 1204 213 1207 ’
321 1191 476 1274 Cap.
522 1194 607 1255 IV
653 1191 914 1281 ἄκαιρος
954 1199 1216 1277 γενοιθέ
1248 1220 1393 1280 μου.

401 1314 405 1325 ’
608 1302 688 1366 δι’
734 1291 824 1368 ὧν
866 1304 1074 1369 ἔνεστι
1114 1316 1183 1369 ut
1224 1309 1284 1371 in
1329 1309 1490 1390 vulg.
1539 1313 1633 1376 ed.

602 1410 799 1499 ἄρτος
840 1413 1091 1501 εὑρεθῶ
1130 1415 1247 1481 τοῦ
1285 1419 1551 1505 χριστοῦ

603 1521 1046 1611 ἀπελεύθερος
1078 1525 1292 1609 Ἰησοῦ
1331 1530 1611 1613 χριστοῦ·
1655 1533 1761 1597 καὶ

317 1632 466 1714 Cap.
511 1634 573 1696 V
613 1635 1037 1717 θηριομαχῶν
1079 1637 1218 1702 ἀπὸ
1259 1639 1381 1728 γῆσ
1423 1651 1536 1705 etc.

594 1743 825 1827 τάγμα·
870 1745 908 1810 ὃ
950 1746 1057 1810 καὶ
1098 1757 1212 1812 ete.

595 1854 873 1938 ἅλεσμοί
909 1897 983 1908 --
1027 1859 1133 1922 καὶ
1173 1860 1479 1925 κολάσεισ
1519 1898 1598 1911 -—
1638 1865 1841 1947 μόνον
1875 1866 2086 1951 Ἰησοῦ
2128 1879 2243 1933 etc.
2286 1880 2355 1934 ut
2395 1873 2557 1955 vulg.
2606 1874 2698 1938 ed.

311 1966 464 2048 Cap.
508 1967 594 2029 Vl
635 1967 862 2056 ψυχήν
902 1968 1107 2034 αὐτοῦ
1145 1981 1214 2034 ut
1256 1972 1416 2053 vulg.
1462 1973 1557 2041 ed.
1591 2023 1595 2027 -

592 2077 686 2165 μή
729 2075 1055 2165 θελήσητε
1097 2088 1182 2141 ut.
1228 2080 1388 2160 vulg.
1435 2084 1529 2147 ed.

307 2185 457 2268 Cap.
499 2187 616 2250 Vll
661 2177 766 2250 οἶσ
797 2187 922 2269 ’ἐγώ
965 2187 1189 2274 γράφω
1229 2189 1397 2272 ὑμῖν·
1441 2194 1514 2268 ἐξ
1557 2183 1649 2261 ὧν
1689 2198 1809 2281 γάρ
1852 2199 2075 2286 γράφω
2116 2201 2267 2284 ὑμῖν
2306 2201 2431 2285 ἐρῶ
2470 2203 2587 2269 τοῦ
2627 2204 2913 2272 ἀποθα-

593 2299 745 2364 νεῖν.
786 2298 938 2380 ἐμὸς
979 2300 1133 2385 ἔρως
1178 2310 1292 2365 etc.

587 2405 787 2494 ἄρτον
827 2406 1004 2494 ζωῆς.
1049 2404 1085 2472 3
1127 2410 1264 2474 ἔστι
1307 2410 1474 2496 σάρξ

306 2517 459 2601 Cap.
498 2518 650 2581 VIII
693 2518 1059 2602 φανηριόσει
1100 2521 1174 2584 τὸ
1218 2521 1518 2608 ἀψευθές
1560 2525 1791 2609 στόμα·
1836 2523 1933 2593 ὅτι
1972 2529 2195 2614 ἀληθί
2236 2531 2395 2616 λέγω
2436 2544 2551 2598 etc.

303 2602 311 2611 ,
589 2628 709 2694 ε’ἂν
749 2628 974 2694 πάθω.
1013 2640 1447 2716 μνημονέυετε
1489 2644 1558 2698 ut
1597 2639 1760 2721 vulg.
1806 2642 1899 2703 ed.

305 2739 462 2821 Gap.
508 2740 604 2803 IX
635 2738 889 2824 Ἰησοῦσ
928 2742 1183 2829 χριστός
1223 2753 1293 2807 ut
1334 2746 1491 2828 vulg.
1538 2748 1632 2816 ed.

305 2848 457 2932 Cap.
501 2850 567 2914 X
588 2846 795 2933 ὄνομα
836 2850 963 2917 τῶν
1004 2852 1418 2920 συνελθότων
1461 2867 1575 2923 etc.
1619 2869 1687 2923 ut
1726 2862 1885 2942 vulg.
1931 2863 2023 2926 ed.

589 2965 1019 3049 σεπτεμβρίου
1060 2974 1129 3028 ut
1168 2966 1329 3048 vulg.
1373 2968 1467 3031 ed.
