3229 5235
1637 371 1726 438 30

878 561 977 627 lin.
1027 561 1127 627 16.
1184 560 1421 624 Initium
1465 560 1643 644 hujus
1690 561 2004 644 fragmenti
2051 560 2232 624 etiam
2277 559 2340 624 in
2385 561 2511 625 eod.
2559 556 2685 625 651
2730 557 2972 623 inveni-

1199 687 1334 764 tur,
1379 680 1710 760 praemisso
1756 678 1885 744 solo
1930 680 2158 742 verboz.
2195 674 2360 784 dis).
2389 685 2493 757 „et
2538 675 2744 739 dixit.“

900 794 1004 859 lin.
1053 796 1113 861 9.
1203 798 1271 860 In
1315 797 1441 860 eod.
1492 797 1619 863 651
1672 796 1925 901 &syvell
1970 816 2079 878 pro
2124 791 2396 902 ἐμὴ

898 912 999 980 lin.
1044 912 1151 979 20.
1199 932 1388 1012 &scs
1434 913 1604 978 deest
1645 912 1707 975 in
1753 913 1864 976 hoc
1907 912 2136 988 codiee,
2183 912 2351 993 eujus
2398 911 2792 992 fragmentum
2841 926 2982 970 oum

1204 1030 1471 1113 sequenti
1515 1049 1692 1095 voce:
1742 1029 2030 1149 &quzs
2076 1031 2251 1093 finem
2296 1029 2492 1094 habet.

570 1359 740 1425 Haeo
783 1360 1119 1444 ftagmenta
1162 1360 1548 1444 epistolarum
1592 1382 1643 1425 s,
1691 1361 1902 1444 Ignatii
1918 1408 1937 1438 ‚
1998 1377 2150 1444 quae
2208 1359 2269 1423 in
2313 1358 2582 1423 versione
2625 1356 2991 1439 Aethiopica

393 1488 456 1543 et
500 1478 766 1544 Arabica
809 1479 887 1542 ad
933 1499 1040 1543 nos
1087 1489 1504 1561 pervenerunt,
1561 1481 1844 1562 figmenta
1901 1500 2034 1544 esse
2092 1479 2399 1562 cujusdam
2452 1476 2711 1552 falsarii,
2777 1474 2990 1538 statim

395 1595 559 1659 videt
602 1595 703 1679 qui
745 1594 905 1678 legit.
978 1595 1129 1660 Sola
1172 1595 1402 1660 sincera
1443 1597 1631 1660 verba
1674 1619 1723 1660 s.
1768 1597 1984 1680 Ignatii
2031 1617 2103 1661 ea
2147 1603 2308 1672 sunt,
2353 1615 2505 1679 quae
2546 1593 2711 1657 initio
2742 1591 2990 1656 secundi

394 1713 708 1796 fragmenti
753 1713 1060 1795 leguntur:
1113 1734 1294 1797 „vere
1339 1723 1517 1778 natus
1563 1723 1678 1790 est,
1724 1735 1863 1778 vere
1909 1715 2032 1779 edit
2076 1724 2136 1778 et
2179 1714 2349 1790 bibit,
2394 1733 2534 1777 vere
2579 1712 2890 1775 crucifixus
2921 1719 2991 1775 et

300 1862 309 1867 «
392 1839 660 1895 mortuus
708 1840 830 1907 est;
892 1852 969 1896 ex
1014 1831 1267 1915 epistola
1296 1824 1468 1895 'enim
1512 1854 1560 1896 s.
1592 1833 1807 1914 Ignatii
1839 1834 1918 1896 ad
1947 1832 2281 1896 Trallianos
2328 1852 2375 1895 c.
2424 1832 2485 1897 9.
2536 1839 2777 1913 sumpta
2821 1838 2987 1897 sunt.

394 1948 651 2032 Reliqua
708 1968 1143 2031 nonnumquam
1208 1967 1339 2013 cum
1399 1950 1655 2032 epistola
1712 1950 2094 2033 suppositioia
2156 1950 2369 2032 Ignatii
2425 1950 2504 2012 ad
2562 1949 2988 2031 Philippenses

395 2066 836 2131 similitudinem
868 2067 1108 2144 habent,
1156 2076 1225 2131 ut
1267 2088 1359 2143 ea,
1406 2086 1560 2150 quae
1590 2069 1665 2132 de
1695 2066 1986 2132 Trinitate
2018 2077 2079 2131 et
2124 2068 2532 2133 Inoarnatione
2578 2067 2870 2143 dicuntur,
2920 2066 2985 2128 in

395 2204 526 2266 cap.
589 2184 651 2250 2.
714 2194 774 2247 et
834 2184 893 2250 3.
966 2184 1157 2248 diotae
1220 2185 1507 2266 epistolae
1571 2188 1777 2251 eodem
1839 2189 1961 2252 fere
2019 2208 2200 2252 sensu
2263 2196 2621 2252 reocurrunt.
2730 2185 2987 2269 spurias

397 2300 682 2385 epistolas
744 2323 792 2368 s.
838 2302 1052 2384 Ignatii
1108 2303 1170 2366 in
1215 2303 1481 2368 Africam
1540 2307 1620 2368 ad
1663 2306 1705 2369 J
1707 2305 1972 2370 acobitas
2031 2306 2418 2370 transmissas
2477 2325 2609 2369 esse
2626 2351 2643 2382 ,
2704 2302 2993 2384 Copticae

398 2419 690 2484 versionis
734 2420 951 2484 indicia
995 2429 1294 2484 testantur
1335 2421 1396 2486 in
1444 2422 1707 2505 Corpore
1750 2425 2062 2506 Ignatiano
2108 2425 2387 2489 curetoni
2430 2445 2489 2507 p.
2536 2422 2667 2489 362
2726 2430 2787 2485 et
2832 2421 2992 2497 363,

400 2556 553 2622 quae
599 2537 912 2620 epistolam
956 2539 1036 2601 ad
1080 2539 1379 2603 Heronem
1426 2549 1486 2604 et
1515 2542 1594 2605 ad
1626 2541 2029 2608 Antiochenos
2059 2543 2120 2607 in
2152 2543 2459 2627 Coptioam
2488 2541 2750 2626 linguam
2779 2548 2992 2602 trans-

398 2655 525 2718 lata
570 2675 702 2719 esse
747 2657 1173 2724 demonstrant.
1558 2643 1561 2646 ’

576 2773 846 2836 Verbum
889 2775 1253 2840 Psalmistae
1296 2776 1359 2841 in
1405 2779 1749 2845 memoriam
1795 2781 1961 2845 venit
1990 2781 2275 2847 dicentist
2321 2791 2387 2845 tu
2417 2780 2755 2864 confregisti
2786 2779 2996 2862 capita

401 2888 695 2968 draconis,
743 2892 957 2956 dedisti
1003 2912 1137 2956 eum
1184 2913 1381 2958 escam
1427 2897 1662 2980 populis
1708 2898 2092 2981 Aethiopum.
2143 2901 2261 2985 (ps.
2310 2900 2419 2984 74,
2473 2897 2604 2985 14.)
