3229 5235
1607 335 1691 401 10
2381 328 2402 354 ’

1489 608 1709 690 Cap.
1755 609 1817 671 Ι.

603 746 791 811 Oravi
835 759 896 811 et
940 750 1148 812 datum
1193 759 1291 812 est
1333 751 1498 825 mihi,
1546 730 1614 811 ut
1656 750 1919 813 viderem
1965 750 2153 813 facies
2200 769 2441 825 eorum,
2485 751 2585 832 qui
2613 751 2776 831 digni
2809 761 2956 813 sunt

356 858 513 932 De0,
558 859 720 940 quod
763 879 837 921 ex
879 860 1069 922 multo
1113 870 1389 941 tempore
1431 861 1832 940 corporaliter
1875 862 2116 942 assequi
2163 861 2501 941 cupiebam.
2588 861 2653 922 In
2699 859 2951 923 Christo

356 968 507 1030 Jesu
533 987 735 1048 sper0,
781 969 911 1032 fore
956 977 1024 1030 ut
1049 970 1287 1032 veniam
1318 978 1382 1033 et
1408 989 1520 1032 vos
1551 970 1829 1045 salutem,
1874 971 1928 1032 si
1963 972 2113 1034 haec
2155 970 2268 1033 erit
2297 971 2608 1046 voluntas,
2642 980 2704 1032 et
2732 971 2954 1050 dignus

354 1077 651 1153 habebor,
709 1086 776 1140 ut
816 1098 1007 1161 usque
1050 1079 1129 1141 ad
1172 1079 1348 1142 finem
1389 1080 1541 1143 haec
1605 1082 1958 1143 sustineam.
2044 1068 2190 1143 Sive
2242 1082 2398 1143 enim
2457 1081 2632 1143 initio
2693 1081 2823 1143 sive
2884 1081 2954 1142 in

355 1187 492 1261 fine,
534 1208 644 1268 per
684 1189 878 1251 bonos
923 1208 1143 1262 mores,
1188 1189 1401 1271 quibus
1444 1189 1662 1270 incepi,
1707 1190 2006 1263 desidero,
2050 1199 2119 1252 ut
2160 1210 2348 1272 usque
2412 1192 2490 1252 ad
2548 1191 2727 1252 finem
2792 1191 2953 1253 hanc

357 1298 619 1378 gratiam
675 1318 1005 1380 assequar,
1062 1310 1130 1360 ut
1185 1300 1314 1361 sine
1375 1299 1808 1380 impedimento
1872 1301 2309 1364 haereditatem
2372 1321 2571 1364 meam
2630 1300 2950 1380 accipiam.

353 1409 568 1471 Timeo
612 1419 815 1472 autem
860 1411 1182 1472 caritatem
1210 1416 1498 1485 vestram,
1542 1430 1618 1472 ne
1650 1412 1791 1473 mihi
1827 1423 2060 1476 noceat.
2134 1410 2274 1475 Scio
2321 1413 2502 1486 enim,
2543 1411 2719 1474 vobis
2762 1411 2948 1472 facile

355 1537 512 1592 esse,
555 1526 623 1580 ut
665 1521 890 1594 omnia,
935 1539 1086 1601 quae
1127 1519 1441 1582 volueritis
1473 1520 1736 1594 faciatis,
1784 1521 1927 1584 mihi
1958 1529 2158 1584 autem
2203 1522 2448 1584 difficile
2494 1529 2610 1595 est,
2652 1530 2720 1597 ut
2748 1521 2950 1583 Deum

354 1629 675 1704 inveniam,
717 1631 769 1692 si
812 1641 1021 1693 vestra
1061 1633 1479 1695 misericordia
1527 1635 1586 1695 in
1631 1653 1725 1694 me
1768 1642 2061 1694 movetur.

1464 1932 1681 2013 Cap.
1729 1933 1832 1994 II.

540 2110 551 2121 -
598 2069 874 2135 Obsecro
956 2082 1162 2136 autem
1254 2094 1362 2136 vos
1394 2122 1411 2150 ,
1499 2074 1644 2155 quia
1722 2092 1839 2135 non
1929 2073 2106 2154 cupio
2134 2122 2151 2148 ,
2238 2082 2306 2136 ut
2384 2074 2729 2136 hominibus
2803 2073 2942 2154 pla-

353 2182 575 2256 ceatis,
624 2201 732 2244 vos
777 2190 980 2245 autem
1024 2183 1111 2245 eis
1155 2183 1427 2264 placetis.
1487 2185 1619 2246 Nec
1649 2184 1804 2246 enim
1848 2203 1960 2264 ego
2004 2183 2189 2245 talem
2231 2184 2550 2247 nanciscar
2592 2180 2957 2264 opportuni-

352 2291 567 2365 tatem,
610 2291 690 2353 ad
720 2293 912 2355 Deum
941 2294 1354 2373 perveniendi,
1388 2314 1580 2376 neque
1616 2313 1751 2368 vos,
1794 2295 1847 2357 si
1894 2295 2079 2377 quieti
2111 2295 2278 2356 eritis
2324 2313 2475 2375 opus
2521 2303 2649 2357 tam
2681 2293 2963 2375 praecla-

347 2419 480 2462 rum
523 2420 806 2483 umquam
854 2403 1338 2484 consequemini,
1398 2412 1462 2464 et
1502 2404 1725 2485 maj0ri
1780 2404 2003 2467 solatio
2061 2404 2200 2467 inde
2261 2405 2553 2467 fruemini.
2653 2401 2722 2466 Si
2796 2403 2960 2465 enim

350 2510 546 2573 siletis
588 2521 652 2574 et
693 2512 974 2576 receditis
1015 2532 1054 2574 a
1087 2534 1203 2588 me,
1234 2514 1482 2576 verbum
1519 2514 1637 2576 Dei
1682 2534 1822 2590 ero;
1872 2515 1924 2577 si
1968 2526 2172 2577 autem
2202 2533 2420 2595 corpus
2449 2534 2646 2581 meum
2677 2513 2958 2593 diligitis,

352 2641 454 2683 ero
496 2622 713 2685 iterum
753 2642 893 2686 vox.
937 2624 1146 2687 Nolite
1191 2644 1333 2705 ergo
1376 2626 1514 2706 plus
1553 2626 1699 2689 mihi
1743 2636 2084 2706 praestare,
2129 2645 2306 2707 quam
2352 2626 2487 2698 hoc,
2531 2635 2599 2686 ut
2631 2625 2764 2687 Deo
2807 2626 2959 2686 fiam

348 2732 743 2809 sacrificium,
804 2735 995 2797 donec
1039 2736 1237 2797 altare
1281 2744 1565 2817 paratum
1630 2746 1748 2810 est,
1793 2737 1900 2798 sed
1941 2737 2002 2798 in
2047 2745 2225 2799 coetu
2269 2736 2492 2799 amoris
2545 2734 2693 2796 mihi
2747 2742 2956 2796 estote

349 2850 700 2907 cantatores
744 2854 807 2907 et
849 2846 1186 2925 glorificate
1229 2846 1477 2908 Patrem
1521 2865 1635 2926 per
1674 2847 1884 2908 Jesum
1929 2846 2261 2922 Christum,
2310 2847 2409 2928 qui
2452 2846 2799 2926 episcopum
2826 2844 2955 2925 Sy-

347 2953 472 3013 riae
531 2954 772 3033 dignum
828 2955 1009 3031 fecit,
1072 2966 1139 3018 ut
1197 2958 1257 3018 in
1323 2957 1707 3020 confessione
1748 2957 1865 3018 Dei
1925 2957 2292 3020 inveniretur
2346 2958 2407 3019 in
2465 2955 2828 3029 Occidente,
2886 2955 2953 3016 in

346 3061 602 3125 vinculis
664 3065 882 3128 missus
942 3066 1019 3127 ab
1067 3064 1338 3128 Oriente.
1423 3067 1658 3130 Bonum
1720 3074 1923 3129 autem
1983 3077 2110 3141 est,
2176 3068 2449 3130 occidere
2512 3086 2552 3126 a
2606 3064 2825 3127 mundo
2884 3064 2952 3125 in

345 3171 516 3249 Deo,
564 3183 635 3236 ut
677 3176 754 3237 ad
798 3176 974 3238 finem
1018 3175 1077 3238 in
1124 3196 1196 3238 eo
1243 3176 1424 3239 oriar.
1729 3159 1734 3160 ἶ

1447 3476 1667 3557 Cap.
1714 3476 1860 3538 ΠΙ.

592 3619 922 3700 Nunquam
962 3627 1166 3680 autem
1207 3618 1512 3680 invidistis
1558 3616 1874 3699 cuiquam,
1919 3617 2030 3678 sed
2076 3616 2295 3679 multos
2340 3615 2691 3678 edocuistis.
2776 3616 2948 3678 Volo

350 3737 578 3803 autem,
607 3735 676 3791 ut
703 3715 1085 3790 confirmetur
1113 3727 1195 3803 id,
1229 3729 1393 3810 quod
1423 3728 1712 3789 docu³stis
1748 3735 1809 3789 et
1839 3727 2002 3809 quod
2031 3726 2447 3807 praecepistis.
2492 3725 2946 3788 Tantummodo

350 3857 481 3913 or0,
525 3846 594 3900 ut
632 3838 791 3899 vires
835 3857 874 3899 a
916 3839 1049 3900 Deo
1094 3857 1206 3918 pro
1248 3857 1344 3899 me
1387 3838 1640 3917 petatis,
1689 3844 1753 3899 ut
1793 3839 2047 3900 interius
2092 3844 2155 3899 et
2197 3835 2461 3898 exterius
2494 3835 2819 3908 confortet,
2865 3856 2947 3897 ne

349 3956 585 4011 tantum
628 3948 833 4010 verbis
875 3946 938 4009 id
982 3946 1336 4027 exprimam,
1383 3946 1488 4007 sed
1530 3956 1596 4008 et
1626 3947 1940 4011 voluntate
1972 3957 2232 4021 teneam,
2278 3966 2352 4008 ne
2383 3956 2618 4008 tantum
2651 3946 2710 4007 in
2740 3946 2945 4008 verbis

347 4057 730 4121 Christianus
775 4058 1069 4131 inveniar,
1110 4057 1218 4120 sed
1261 4064 1323 4119 et
1364 4056 1425 4118 in
1471 4057 1773 4138 operibus.
1815 4057 1982 4121 Tunc
2023 4057 2169 4120 licet
2210 4056 2354 4119 mihi
2397 4056 2583 4118 talem
2625 4055 2832 4118 vocari
2876 4066 2944 4118 et

346 4167 584 4231 fidelem
617 4186 775 4241 esse,
804 4167 1044 4247 quando
1065 4165 1286 4229 mundo
1304 4185 1426 4228 non
1454 4168 1806 4248 appareb03
1839 4167 1981 4230 nihil
2019 4167 2197 4241 enim,
2229 4165 2389 4246 quod
2414 4175 2689 4246 apparet,
2715 4165 2943 4227 bonum

348 4287 464 4339 est.
509 4277 680 4339 Deus
725 4276 883 4339 enim
936 4276 1333 4340 nosterJesus
1358 4274 1658 4351 Christus,
1702 4298 1881 4359 quum
1927 4286 2023 4340 est
2067 4277 2127 4339 in
2168 4279 2379 4350 Patre,
2421 4276 2614 4360 magis
2657 4284 2942 4355 apparet.

342 4387 483 4449 Non
537 4394 774 4448 tantum
832 4387 925 4449 vir
967 4387 1272 4461 desiderii,
1315 4388 1427 4449 sed
1470 4396 1531 4450 et
1575 4387 2009 4467 magnitudinis
2056 4395 2156 4449 est
2203 4386 2621 4458 Christianus,
2666 4384 2718 4445 si
2763 4403 2943 4446 mun-

351 4497 490 4558 dum
537 4496 752 4558 oderit.
