3229 5235
1571 330 1613 394 9

549 518 782 596 Magna
849 517 1036 597 igitur
1108 517 1426 580 maritate
1489 524 1553 579 et
1619 516 1855 579 laetitia
1913 525 1976 579 et
2044 536 2177 579 cum
2248 516 2551 580 desiderio
2620 514 2894 598 patiendi
2918 497 3052 577 ΜΒ.

292 642 409 709 pro
458 626 766 691 Crucifixo
805 627 1139 691 Antiochia
1193 628 1505 692 descendit
1546 627 1893 691 Seleuciam
1951 636 2015 690 et
2056 628 2195 690 inde
2252 630 2404 690 mari
2445 647 2696 709 pergere
2743 647 2888 690 coe-

294 736 411 818 pit.
496 738 581 800 Et
626 759 805 819 quum
845 738 1036 801 multo
1080 758 1214 801 cum
1259 739 1471 801 labore
1516 738 1593 800 ad
1638 740 1846 801 urbem
1889 737 2212 822 Smyrnam
2256 738 2621 819 appulisset,
2666 755 2889 818 magno

292 847 526 926 gaudio
571 848 942 912 descendens
984 849 1059 910 de
1103 851 1266 923 navi,
1310 849 1387 910 ad
1430 858 1710 912 sanctum
1750 849 2154 931 Polycarpum
2198 851 2552 931 episcopum
2594 847 2891 966 Smyrnae

289 978 360 1021 se
406 959 685 1033 contulit,
728 962 831 1042 qui
874 961 1075 1023 socius
1120 961 1313 1041 ipsius
1356 962 1560 1024 fuerat
1599 962 1662 1023 in
1693 959 2276 1041 disciplinaChristi,
2309 979 2483 1041 quem
2527 959 2730 1021 videre
2774 920 2886 1021 de-

287 1068 629 1143 siderabat,
674 1071 819 1151 quia
860 1071 1164 1151 quondam
1207 1071 1381 1134 simul
1429 1080 1604 1133 erant
1648 1072 1922 1152 discipuli
1966 1069 2253 1151 Apostoli
2295 1070 2570 1133 Joannis.
2616 1068 2885 1152 Cumque

286 1178 370 1238 ad
417 1197 553 1240 eum
595 1179 857 1242 venisset
899 1192 962 1243 et
1003 1181 1160 1243 inter
1201 1202 1268 1243 se
1327 1183 1874 1244 communicassent
1916 1180 1976 1241 in
2022 1181 2180 1243 dono
2226 1179 2493 1261 Spiritus
2539 1188 2603 1244 et
2642 1180 2702 1243 in
2745 1180 2881 1242 vin-

288 1287 443 1350 culis
473 1308 712 1371 quoque
742 1292 1098 1371 gaudenteS,
1129 1291 1306 1374 petiit
1324 1293 1402 1353 ab
1424 1311 1518 1367 eo,
1550 1299 1618 1353 ut
1646 1300 1711 1353 et
1738 1292 1869 1373 ipse
1901 1298 2210 1354 certamen
2240 1311 2412 1353 suum
2445 1300 2507 1354 et
2534 1297 2882 1373 promptum

286 1400 555 1463 animum
599 1422 770 1464 suum
815 1403 1154 1483 adjuvaret,
1199 1403 1562 1484 praesertim
1604 1422 1750 1464 vero
1794 1403 1855 1465 in
1901 1403 2176 1465 omnibus
2220 1401 2516 1477 ecclesiis,
2558 1402 2620 1464 in
2664 1403 2877 1483 quovis

280 1509 444 1572 loco.
481 1511 891 1573 Familiariter
909 1512 1067 1574 enim
1088 1513 1179 1574 vir
1196 1522 1441 1576 sanctus
1461 1521 1752 1593 exceptus
1774 1522 1907 1576 erat
1927 1533 2034 1594 per
2057 1513 2381 1594 episcopos
2403 1520 2467 1574 et
2487 1512 2877 1593 presbyteros

282 1630 348 1683 et
394 1621 708 1695 diacon08,
764 1623 862 1704 qui
906 1633 1081 1685 erant
1120 1624 1183 1685 in
1243 1623 1509 1686 ecclesiis
1572 1623 1925 1701 civitatum,
1996 1623 2096 1705 qui
2164 1623 2512 1705 frequentes
2587 1630 2881 1685 venerunt

198 1743 207 1750 ·
282 1730 366 1791 ad
411 1750 566 1804 eum,
609 1740 678 1793 ut
720 1739 782 1793 et
822 1732 973 1813 ipsis
1015 1751 1156 1813 pars
1215 1741 1278 1794 et
1332 1733 1796 1796 communicatio
1854 1743 2014 1795 esset
2055 1733 2199 1795 doni
2262 1731 2415 1812 ejus,
2480 1740 2542 1794 et
2593 1741 2662 1794 ut
2715 1733 2878 1814 digni

284 1840 531 1914 fierent,
585 1861 662 1904 ex
702 1842 1003 1922 spirituali
1049 1843 1210 1906 dono
1256 1844 1386 1924 ejus
1446 1844 1759 1925 accipere,
1819 1844 2077 1906 maxime
2123 1852 2327 1906 autem
2373 1864 2425 1904 s.
2473 1843 2873 1925 Polycarpus.

279 1949 517 2013 Beatus
563 1959 765 2015 autem
811 1952 1082 2032 ignatius
1126 1955 1535 2029 desiderabat,
1579 1966 1648 2017 ut
1693 1954 1811 2017 cito
1855 1974 1965 2037 per
2008 1955 2240 2017 bestias
2287 1955 2582 2034 migraret
2641 1973 2718 2017 ex
2758 1954 2872 2017 hoc

275 2062 504 2124 mundo
551 2070 614 2125 et
655 2073 797 2125 ante
843 2065 1058 2127 faciem
1102 2064 1330 2129 Christi
1374 2074 1718 2147 appareret.
2681 2132 2688 2141 ,

524 2173 702 2236 Talia
742 2175 985 2255 copiose
1031 2177 1105 2238 de
1148 2196 1353 2239 amore
1396 2176 1629 2240 Christi
1687 2176 2046 2257 loquebatur
2104 2174 2370 2238 extensis
2435 2176 2744 2249 manibus,
2809 2187 2871 2238 et
2888 2165 3033 2243 ⁰⁸l²·4·

268 2301 356 2344 ea.
398 2293 534 2346 erat
561 2304 703 2366 spes
736 2286 935 2348 cordis
966 2288 1081 2360 sui,
1125 2296 1194 2350 ut
1223 2288 1513 2350 coelestia
1543 2295 1973 2368 assequeretur
2006 2305 2116 2366 per
2154 2287 2380 2348 bonam
2423 2287 2869 2350 confessionem

268 2402 339 2455 et
386 2394 608 2457 auxilio
652 2395 938 2459 orationis
982 2416 1207 2471 eorum,
1252 2399 1353 2479 qui
1395 2417 1507 2478 pro
1552 2416 1745 2478 agone
1790 2407 1853 2459 et
1897 2399 2226 2459 certamine
2269 2396 2455 2477 ipsius
2484 2416 2695 2477 preces
2724 2398 2865 2458 fun-

267 2503 530 2580 debant,
577 2516 640 2568 et
679 2498 897 2587 magno
941 2508 1178 2570 fervore
1220 2510 1418 2571 Deum
1463 2508 1931 2589 deprecabatur,
1969 2516 2038 2569 ut
2078 2508 2351 2571 ecclesiis
2394 2527 2626 2570 merces
2669 2508 2864 2581 fieret,

267 2634 436 2696 quae
479 2636 587 2697 per
626 2619 1011 2699 praepositos
1055 2639 1199 2682 suos
1242 2620 1481 2683 obviam
1526 2621 1646 2702 ipsi
1690 2622 1886 2682 ierant
1928 2628 1992 2683 et
2047 2619 2395 2683 comitatum
2438 2619 2865 2699 praebuerant,

264 2724 479 2788 missis
507 2727 840 2806 gratiarum
868 2729 1127 2791 actionis
1160 2729 1455 2811 epistolis,
1501 2749 1655 2812 quae
1688 2729 2170 2794 communionem
2197 2730 2579 2792 renovabant
2623 2739 2687 2792 et
2726 2747 2866 2791 ora-

265 2834 540 2899 tionibus
583 2838 1001 2918 spiritualibus
1045 2840 1450 2914 exundabant,
1494 2842 1553 2902 in
1596 2843 1794 2922 gratia
1836 2859 1980 2901 vero
2024 2839 2312 2902 remissos
2356 2839 2710 2920 arguebant.

520 2945 721 3018 Quum
766 2957 968 3013 autem
1011 2951 1245 3014 videret
1287 2970 1559 3015 amorem
1603 2951 1867 3014 omnium
1930 2968 2078 3029 erga
2133 2951 2330 3030 ipsum
2394 2960 2457 3012 et
2507 2950 2861 3013 instantiam

259 3075 381 3137 per
422 3075 634 3121 sacros
678 3060 992 3123 ministros
1037 3079 1243 3123 eorum
1286 3082 1363 3124 ex
1403 3080 1610 3124 amore
1654 3061 1792 3136 Dei,
1835 3060 2170 3123 formidans
2226 3079 2298 3123 ac
2341 3059 2557 3124 timens
2582 3107 2599 3136 ‚
2662 3080 2738 3123 ne
2783 3060 2861 3121 ab

261 3167 494 3229 unione
538 3176 600 3230 et
628 3188 835 3232 amore
862 3171 924 3232 in
953 3172 1282 3234 Dominum
1324 3173 1677 3235 deflecteret
1718 3191 1827 3252 per
1873 3170 2358 3245 sollicitudinem,
2403 3190 2558 3253 quae
2589 3190 2628 3233 a
2657 3171 2882 3235 multis-

257 3279 333 3339 in
378 3297 515 3341 eum
545 3281 1003 3356 ostendebatur,
1033 3292 1096 3346 et
1121 3302 1158 3344 a
1180 3292 1366 3363 porta
1393 3283 1668 3364 martyrii
1700 3283 2138 3357 excluderetur,
2183 3283 2259 3343 ad
2284 3301 2464 3364 quam
2485 3281 2859 3356 mittebatur,

256 3389 595 3470 epistolam
624 3392 792 3455 misit
820 3393 898 3454 ad
923 3393 1236 3457 ecclesiam
1251 3395 1685 3467 Romanorum,
1711 3393 1869 3456 sicut
1891 3393 1951 3456 in
1975 3392 2477 3475 subsequentibus
2498 3393 2728 3474 scripta
2746 3400 2858 3455 est.

1180 3614 1468 3685 Epistola
1509 3615 1587 3671 ad
1625 3616 1952 3673 Romanos.

514 3738 811 3819 IgnatiuS,
855 3741 1051 3804 Deum
1090 3740 1355 3816 indutus,
1398 3742 1454 3803 ei
1496 3762 1652 3823 quae
1713 3742 2108 3822 magnificata
2168 3749 2264 3804 est
2321 3741 2381 3803 in
2441 3739 2855 3821 magnitudine

254 3847 510 3910 Excelsi
556 3858 619 3911 et
658 3851 809 3913 Jesu
855 3850 1106 3927 Christi,
1151 3852 1286 3915 Filii
1333 3853 1463 3932 ejus
1507 3853 1833 3932 unigeniti,
1886 3852 2180 3915 ecclesiae
2225 3852 2484 3915 dilectae
2529 3862 2592 3913 et
2631 3850 2856 3912 illumi-

257 3966 450 4021 natae
493 3979 603 4041 per
644 3962 1020 4024 voluntatem
1060 3963 1202 4036 Dei,
1271 3964 1373 4045 qui
1416 3963 1577 4042 ligat
1633 3973 1695 4025 et
1753 3972 1922 4026 tenet
1982 3965 2186 4027 omnia
2215 4009 2232 4037 ,
2297 3971 2360 4025 et
2419 3983 2526 4043 per
2586 3980 2853 4024 amorem

252 4071 417 4133 Jesu
457 4069 684 4133 Christi
726 4072 842 4134 Dei
887 4074 1101 4146 nostri,
1145 4074 1200 4135 ei
1244 4073 1335 4134 cui
1374 4073 1553 4136 sedes
1593 4075 1792 4154 prima
1832 4084 1927 4136 est
1966 4074 2026 4136 in
2055 4075 2304 4154 regione
2333 4074 2590 4147 Romae,
2634 4072 2852 4151 dignae

256 4180 590 4261 splendore
615 4183 764 4262 ejus,
794 4183 1009 4263 dignae
1039 4183 1213 4245 bonis
1247 4191 1311 4244 et
1334 4182 1585 4259 honore,
1610 4185 1826 4265 dignae
1854 4185 2141 4266 puritate,
2166 4186 2222 4248 ei
2244 4204 2396 4266 quae
2420 4185 2596 4247 sedet
2615 4184 2676 4246 in
2705 4184 2852 4246 sede

255 4291 589 4373 principali
635 4292 953 4356 charitatis
996 4294 1056 4355 in
1098 4295 1230 4374 lege
1275 4291 1517 4369 Christi,
1563 4295 1623 4356 in
1669 4295 1909 4357 nomine
1953 4297 2158 4358 Patris
2203 4296 2465 4358 salutem
2507 4295 2641 4358 dico
2688 4303 2750 4357 et
2790 4295 2849 4358 in

256 4401 504 4463 nomine
533 4401 701 4475 Filii,
744 4403 836 4465 cui
865 4403 1187 4466 carnaliter
1227 4414 1291 4466 et
1332 4403 1737 4485 spiritualiter
1766 4406 2121 4486 conjunctus
2163 4425 2316 4480 sum,
2364 4424 2478 4485 ego
2537 4406 2637 4487 qui
2679 4407 2847 4469 firme

152 4529 171 4540 ‘
260 4512 569 4575 adhaereo
603 4513 906 4576 mandatis
937 4515 1052 4575 Dei
1094 4533 1205 4596 per
1244 4514 1503 4594 gratiam
1549 4515 1613 4576 et
1658 4514 2125 4578 misericordiam
2170 4516 2298 4595 ejus
2340 4516 2846 4596 inseperabiliter,

257 4623 610 4704 purificatus
644 4619 721 4685 ab
753 4624 1026 4686 omnibus
1057 4625 1295 4697 alienis,
1338 4626 1599 4686 maxime
1631 4644 1742 4704 per
1768 4625 1976 4687 Jesum
2001 4625 2306 4692 Christum
2326 4626 2521 4689 Deum
2573 4634 2847 4689 nostrum

250 4732 705 4797 immaculatam
749 4736 1010 4799 salutem
1056 4746 1119 4798 et
1160 4734 1441 4816 gaudium
1485 4734 1680 4797 vobis.
