3229 5235
1604 1440 1740 1525 ΠΙ.

454 1689 762 1770 Aeta
815 1688 1287 1798 martyrii
1339 1719 1412 1771 s,
1470 1688 1866 1795 Ignatii
1918 1691 2307 1772 Latina
2358 1695 2908 1801 hucusque

1477 1851 1877 1935 inedita.

1207 2064 1426 2160 Passio
1465 2113 1517 2159 s.
1555 2100 1795 2169 Ignatii
1831 2101 2152 2172 martyris.

624 2324 939 2405 Tempore,
982 2343 1099 2406 quo
1127 2324 1429 2405 Trajanus
1451 2325 1794 2391 Domitiani
1822 2326 2119 2390 successit
2160 2327 2437 2408 imperi0,
2482 2327 2785 2390 maximae
2830 2347 2977 2408 per-

383 2435 715 2499 secutionis
755 2436 996 2518 pondus
1038 2436 1296 2516 urgebat
1327 2435 1671 2510 ecclesiam,
1716 2445 1777 2499 et
1808 2445 1934 2499 tam
1963 2438 2295 2499 immensae
2324 2446 2606 2500 catervae
2640 2445 2978 2520 martyrum

383 2547 650 2629 quotidie
678 2546 1135 2629 jugulabantur,
1180 2554 1248 2608 ut
1277 2547 1510 2609 Plinius
1534 2548 1858 2623 secundus,
1903 2547 2001 2629 qui
2034 2554 2175 2609 tunc
2204 2546 2415 2630 Syriae
2442 2547 2825 2630 provinciam
2860 2547 2977 2609 ad-

381 2657 764 2721 ministrabat
790 2703 809 2734 ‚
879 2657 1262 2720 multitudine
1330 2667 1781 2739 peremptorum
1824 2665 2134 2739 permotus
2178 2658 2427 2738 scriptis
2471 2658 2820 2722 notificaret
2862 2659 2979 2720 im-

380 2768 671 2847 peratori,
715 2768 876 2849 quod
918 2769 1232 2831 innumera
1261 2767 1567 2831 hominum
1598 2767 1764 2830 milia
1792 2767 2062 2849 quotidie
2093 2767 2617 2843 obtruncarentur,
2660 2769 2723 2830 in
2757 2768 2979 2850 quibus

381 2877 531 2939 nihil
591 2879 833 2941 omnino
894 2878 1138 2941 sceleris
1194 2877 1747 2958 deprehenderetur
1787 2877 2141 2953 admissum,
2186 2887 2293 2940 aut
2334 2878 2564 2961 aliquid
2605 2878 2977 2941 contrarium

380 2986 676 3050 Romanis
703 2988 938 3067 legibus
968 2995 1230 3069 gestum,
1277 2990 1394 3051 nisi
1425 2988 1538 3051 hoc
1567 2988 1786 3061 solum,
1816 2988 1978 3070 quod
2010 2988 2411 3054 antelucanos
2441 2990 2698 3071 hymnos
2726 2987 2976 3051 Christo

382 3098 623 3160 cuidam
678 3110 968 3161 canerent
1006 3101 1163 3174 Deo,
1224 3098 1526 3161 adulteria
1579 3097 1677 3159 vel
1722 3106 1927 3160 cetera
1982 3098 2327 3178 hujusmodi
2369 3098 2618 3162 crimina
2658 3100 2821 3181 apud
2869 3116 2975 3162 eos

379 3206 590 3270 illicita
648 3208 861 3272 haberi
927 3218 990 3272 et
1045 3210 1287 3291 penitus
1329 3208 1554 3283 arceri,
1625 3214 1831 3270 cetera
1871 3226 2015 3271 vero
2060 3208 2387 3271 secundum
2428 3209 2593 3290 leges
2640 3230 2746 3273 eos
2790 3226 2977 3291 agere

381 3336 751 3396 communes,
805 3318 973 3381 Tunc
999 3318 1300 3398 Trajanus
1328 3316 1618 3397 rescripti
1661 3316 1755 3379 sui
1783 3316 2152 3380 auctoritate
2213 3318 2502 3393 decrevit,
2546 3326 2614 3380 ut
2656 3316 2968 3382 Christian

381 3426 618 3509 quidem
663 3447 784 3490 uon
825 3428 1291 3510 requirerentur,
1335 3436 1538 3489 tamen
1583 3427 1636 3489 si
1679 3428 2089 3490 indicarentur
2115 3426 2188 3503 1),
2231 3428 2605 3509 punirentur.
2673 3429 2811 3491 Hoc
2838 3428 2973 3492 ita·
3015 3471 3016 3474 κ

380 3556 492 3620 que
536 3545 810 3618 tempore
841 3539 1039 3606 famae
1071 3538 1376 3600 maximae
1407 3536 1760 3599 celebritate
1791 3537 2069 3618 vulgatus
2098 3538 2363 3619 Ignatius
2392 3540 2553 3619 apud
2580 3537 2973 3602 Antiochiam

377 3655 522 3729 post
543 3648 789 3710 Petrum
820 3647 1188 3728 Apostolum
1219 3646 1484 3709 secunda
1533 3647 1915 3711 successione
1960 3648 2381 3730 episcopatum
2423 3650 2699 3725 sortituS,
2744 3648 2971 3729 guber·-

375 3758 546 3820 navit
605 3758 963 3833 ecclesiam,
1027 3758 1145 3840 qui,
1202 3758 1344 3820 dum
1406 3771 1519 3839 pro
1563 3757 1793 3821 Christi
1853 3760 2093 3821 nomine
2138 3769 2353 3841 captus
2397 3779 2437 3821 a
2476 3758 2969 3840 persecutoribus

380 3867 601 3931 fuisset
642 3869 1078 3931 condemnatus
1122 3868 1202 3929 ad
1242 3867 1500 3941 bestias,
1542 3868 1780 3930 vinctus
1800 3863 1851 3940 ²)
1899 3868 1977 3930 ad
2022 3868 2229 3931 urbem
2258 3869 2523 3932 Romam
2565 3870 2678 3932 sub
2721 3866 2971 3944 militari

375 3979 656 4042 custodia
697 3979 973 4042 mittitur.
1054 3979 1332 4060 Dumque
1376 3998 1486 4059 per
1526 3977 1741 4041 Asiam
1784 3979 1897 4042 sub
1955 3979 2232 4042 custodia
2290 3981 2639 4062 navigaret,
2698 3979 2966 4060 singulas

376 4110 648 4174 quasque
714 4090 1051 4172 digrediens
1095 4089 1399 4179 civitateS,
1446 4086 1747 4152 ecclesiae
1790 4089 2049 4171 populos
2106 4090 2472 4171 evangelicis
2516 4089 2967 4154 cohortatatio-

372 4177 550 4264 nibus
595 4200 890 4263 edocebat
931 4204 993 4261 in
1035 4200 1154 4262 fide
1196 4199 1527 4280 persistere
1573 4206 1636 4261 et
1677 4200 2001 4262 observare
2044 4220 2111 4262 se
2142 4201 2219 4262 ab
2262 4201 2707 4264 haereticorum
2751 4207 2965 4263 conta·-

371 4312 505 4394 giis,
551 4313 653 4395 qui
694 4321 838 4374 tunc
880 4311 1136 4393 primum
1181 4310 1488 4392 copiosius
1530 4320 1861 4392 coeperant
1902 4310 2223 4391 pullulare,
2270 4321 2333 4374 et
2376 4312 2721 4393 diligentius
2780 4318 2963 4392 atque

374 4423 649 4485 tenacius
674 4425 733 4496 3)
776 4420 1225 4503 Apostolorum
1270 4421 1705 4484 traditionibus
1750 4421 2087 4484 inhaerere.
2152 4419 2351 4491 Quum
2395 4430 2600 4483 autem
2637 4420 2961 4503 Smyrnam

369 4532 656 4607 venisset,
698 4533 800 4596 ubi
830 4532 1187 4613 Policarpus
1213 4530 1512 4594 Johannis
1542 4532 1953 4613 evangelistae
1996 4540 2129 4594 erat
2171 4532 2523 4613 discipulus,
2568 4530 2783 4594 scribit
2823 4528 2961 4591 inde

374 4662 556 4707 unam
602 4644 926 4725 epistolam
971 4644 1049 4705 ad
1090 4642 1398 4724 Ephesios
1443 4661 1767 4724 eorumque
1807 4650 2144 4722 pastorem,
2191 4642 2377 4705 aliam
2418 4642 2772 4723 Magnesiae
2815 4639 2960 4703 civi·

385 4755 527 4831 tati,
557 4775 711 4839 quae
740 4774 928 4837 supra
951 4754 1307 4817 Meandrum
1337 4753 1518 4826 iacet,
1560 4752 1668 4815 sed
1698 4760 1761 4815 et
1792 4752 2101 4827 ecclesiae,
2124 4772 2277 4835 quae
2306 4762 2405 4816 est
2430 4751 2650 4816 Trallis
2668 4750 2747 4827 ⁴).
2817 4748 2959 4811 Inde
