3229 5235
1608 313 1692 377 14

350 504 412 558 et
453 497 590 560 finis
632 497 922 559 immundi
962 497 1220 580 vanique
1275 500 1605 580 spectaculi
1650 500 2065 563 Romanorum
2124 500 2404 574 instaret,
2463 498 2551 561 illi
2610 499 2685 561 de
2746 499 2951 561 tardi-

348 614 477 669 tate
509 617 974 683 murmurarunt,
1004 618 1074 670 at
1105 609 1428 690 episcopus
1460 610 1570 685 eis,
1618 610 1719 691 qui
1751 610 2027 674 celeriter
2056 629 2191 672 eum
2220 608 2628 684 abducebant,
2673 608 2949 688 gaudens

352 717 822 798 obtemperavit.

187 890 276 970 (lup.
292 890 332 949 6.
592 882 680 944 Et
718 883 915 963 primo
960 903 1126 946 mane
1171 891 1463 946 venerunt
1503 885 1582 945 ad
1625 883 1857 957 locum,
1918 882 2019 964 qui
2061 893 2317 945 vocatur
2359 884 2584 946 Potrus
2630 884 2948 962 (Portus).

348 987 668 1073 Quumque
713 994 882 1055 fama
924 993 997 1055 de
1039 1003 1252 1056 sancto
1298 1005 1562 1075 martyre
1599 994 1734 1074 jam
1767 1003 1932 1056 esset
1963 993 2299 1074 divulgata,
2346 994 2585 1056 obviam
2619 993 2946 1057 habuimus

348 1102 570 1165 fratres
613 1103 882 1184 repletos
925 1102 1148 1183 gaudio
1193 1111 1256 1165 et
1296 1103 1554 1177 timore»,
1623 1103 1844 1183 gaudio
1892 1104 2133 1185 quidem
2203 1104 2277 1166 de
2350 1105 2459 1178 eiS,
2514 1124 2670 1186 quae
2712 1104 2810 1167 hic
2851 1104 2950 1167 vir

348 1212 544 1274 Deum
607 1213 852 1277 indutus
912 1215 974 1276 in
1044 1226 1155 1276 suo
1229 1234 1483 1276 occursu
1545 1214 1654 1276 ab—
1697 1215 1785 1276 eis
1853 1216 2143 1295 petebat,
2185 1216 2401 1277 timore
2444 1234 2609 1289 vero,
2653 1216 2817 1298 quod
2867 1215 2952 1277 ad

351 1325 539 1388 talem
582 1332 839 1388 mortem
881 1323 1232 1387 ducebatur.
1276 1325 1417 1404 Ipse
1458 1332 1661 1386 autem
1692 1324 1917 1388 multos
1949 1325 2186 1407 quietos
2214 1345 2279 1387 se
2310 1344 2518 1405 gerere
2540 1327 2746 1406 jussit,
2792 1343 2953 1407 quos

353 1437 589 1498 fervore
619 1435 833 1516 plenos
864 1434 1131 1510 videbat,
1174 1434 1476 1495 dicentes:
1511 1433 1858 1496 sedabimus
1889 1435 2198 1515 populum,
2240 1455 2314 1497 ne
2343 1444 2517 1516 petat
2545 1456 2753 1498 necem
2774 1436 2951 1516 justi.

310 1550 311 1553 ’
351 1543 513 1608 Cum.
544 1546 756 1626 itaque
801 1564 933 1620 θοε,
976 1544 1082 1631 9Πί
1123 1542 1274 1605 talia
1316 1544 1708 1624 cogitabant,
1769 1565 1879 1625 per
1923 1546 2353 1608 revelationem
2407 1545 2657 1627 spiritus
2720 1566 2955 1627 cogno-

351 1654 565 1730 visset,
607 1674 816 1718 omnes
859 1655 937 1717 ad
981 1675 1049 1717 se
1092 1674 1433 1718 convocans
1477 1655 1839 1736 deprecatus
1898 1665 1995 1719 est
2048 1676 2158 1736 per
2213 1676 2482 1718 amorem
2544 1657 2822 1720 veritatis
2886 1664 2957 1720 et

353 1785 466 1846 per
505 1767 680 1847 plura
720 1767 924 1840 verba,
969 1786 1150 1848 quam
1193 1784 1345 1847 qnae
1388 1765 1640 1828 miserat
1684 1765 1769 1827 eis
1811 1766 1874 1828 in
1916 1766 2212 1847 epistola,
2280 1775 2343 1829 et
2402 1767 2801 1849 colloquendo
2847 1787 2957 1830 eos

356 1877 625 1952 monuit,
679 1898 753 1940 ne
796 1877 1135 1939 inviderent
1177 1876 1527 1950 festinanti,
1587 1884 1657 1938 ut
1714 1877 1791 1939 ad
1833 1879 2159 1940 Dominum
2229 1899 2404 1940 suum
2473 1879 2725 1941 veniret.
2811 1875 2955 1948 Quo

356 1988 524 2051 facto
566 1987 739 2049 flexis
784 1987 1040 2067 genibus
1086 2006 1289 2049 coram
1335 1987 1613 2050 omnibus
1660 1987 1948 2050 fratribus
1996 1988 2209 2050 Filium
2253 1988 2369 2050 Dei
2435 1987 2786 2069 imploravit
2838 2009 2957 2069 pro

359 2098 632 2162 ecclesiis
676 2098 829 2178 ejus,
873 2106 936 2159 et
977 2105 1043 2160 ut
1084 2098 1426 2179 persecutio
1472 2106 1783 2174 cessaret,
1830 2108 2013 2180 atque
2058 2100 2132 2161 de
2175 2108 2384 2162 mutuo
2431 2101 2589 2162 inter
2632 2120 2699 2163 se
2743 2119 2955 2162 amore

359 2208 449 2271 eis
492 2218 824 2289 praecepta
880 2209 1047 2271 dedit
1079 2256 1094 2282 ,
1166 2217 1231 2271 et
1299 2209 1388 2271 sic
1461 2210 1784 2271 confestim
1854 2210 2057 2271 animo
2115 2221 2401 2291 prompto
2462 2212 2543 2272 ad
2585 2211 2958 2292 Amphithe-

357 2329 558 2383 atrum
573 2339 834 2402 pergens
855 2321 1066 2384 statim
1089 2321 1466 2383 introductus
1486 2328 1582 2383 est
1596 2320 1922 2385 secundum
1943 2321 2260 2402 pristinum
2279 2323 2633 2385 mandatum
2650 2323 2959 2396 Caesaris,

359 2431 501 2512 quia
562 2450 713 2493 vana
768 2430 878 2493 illa
933 2450 1159 2511 pompa
1221 2431 1557 2511 spectaculi
1619 2432 1724 2495 fini
1769 2432 1903 2511 jam
1964 2433 2243 2512 proxima
2307 2444 2460 2496 erat.
2561 2433 2701 2496 Fuit
2751 2440 2958 2494 autem

362 2543 481 2605 hoc
524 2561 743 2603 vanum
787 2541 1202 2622 spectaculum
1247 2541 1335 2604 sic
1377 2543 1605 2604 dictum
1637 2561 1675 2602 a
1699 2542 1997 2604 Romanis
2028 2543 2399 2620 „solemne“,
2433 2554 2500 2617 et
2518 2543 2647 2605 dies
2694 2543 2962 2605 decimus

367 2654 589 2718 tertius
628 2651 741 2712 fuit
782 2650 960 2729 hujus
1016 2651 1378 2731 spectaculi,
1445 2652 1526 2713 ad
1586 2653 1747 2734 quod
1801 2652 2122 2713 videndum
2184 2654 2457 2715 studiose
2530 2662 2961 2724 convenerant,

372 2761 576 2842 sicque
619 2761 980 2825 immanibus
1025 2762 1240 2825 bestiis
1283 2763 1361 2823 ab
1405 2762 1604 2843 impiis
1648 2764 1991 2824 hominibus
2038 2764 2312 2844 objectus
2358 2771 2485 2836 est,
2530 2771 2592 2824 et
2642 2762 2803 2825 illico
2848 2762 2966 2824 de-

372 2871 654 2938 siderium
708 2893 759 2935 s.
799 2871 1092 2954 Martyris
1136 2872 1252 2934 Dei
1308 2873 1528 2952 Ignatii
1581 2872 1991 2953 implebatur,
2049 2874 2205 2946 sicut
2246 2875 2539 2954 scriptum
2584 2881 2707 2935 estt
2754 2872 2964 2951 „desi-

374 2982 604 3044 derium
636 2982 794 3061 justi
837 2989 932 3043 est
975 2986 1349 3061 acceptum“.
1433 2961 1521 3044 Et
1561 3003 1637 3044 ne
1682 2984 1775 3045 cui
1822 2983 2083 3045 fratrum
2141 2982 2427 3045 molestia
2488 2984 2663 3044 fieret
2717 2981 2777 3042 in
2839 2979 2968 3043 col-

372 3092 638 3155 lectione
680 3091 1067 3173 reliquiarum
1111 3094 1277 3172 ejuS‚
1343 3092 1498 3154 sicut
1554 3094 1723 3175 prius
1781 3095 1841 3154 in
1900 3092 2161 3173 epistola
2220 3111 2335 3153 sua
2375 3091 2436 3152 in
2480 3090 2783 3153 desiderio
2827 3089 2968 3151 finis

372 3202 537 3264 vitae
581 3220 726 3264 suae
772 3202 860 3263 eis
901 3201 1254 3282 scripserat,
1296 3202 1385 3263 ita
1427 3210 1490 3263 et
1534 3202 1767 3265 factum
1810 3212 1925 3275 est,
1970 3203 2109 3284 quia
2153 3209 2390 3264 tantum
2436 3220 2579 3263 ossa
2605 3199 2821 3263 Sancti
2853 3201 2970 3261 du-

374 3312 540 3374 riora
591 3321 1047 3392 remanserunt,
1106 3329 1264 3391 quae
1322 3310 1712 3372 Antiochiam
1767 3312 2167 3374 mittebantur
2222 3320 2283 3374 et
2337 3312 2399 3373 in
2453 3330 2639 3393 capsa
2695 3311 2975 3392 reposita

376 3430 537 3495 sunt,
595 3422 917 3484 thesaurus
975 3420 1440 3484 inaestimabilis
1496 3429 1560 3482 et
1600 3422 1818 3501 pignus
1874 3422 2150 3502 gratiae,
2213 3430 2276 3483 et
2316 3421 2470 3484 haec
2526 3422 2656 3501 ejus
2715 3418 2976 3483 donaria

375 3533 441 3595 in
483 3532 637 3595 aede
681 3549 860 3595 sacra
905 3530 1187 3611 deposita
1230 3539 1387 3620 sunt.

221 3723 312 3802 ⁰⁸1²·
341 3725 375 3783 7·
620 3697 994 3792 Evenerant·
1038 3717 1182 3760 vero
1243 3699 1394 3761 haec
1458 3698 1691 3760 decimo
1766 3697 2022 3777 septimo
2078 3696 2323 3760 Teschri
2382 3694 2779 3776 posterioris,
2839 3713 2974 3757 cum

379 3806 730 3885 spectacula
773 3816 979 3868 essent
1014 3807 1270 3881 Romae,
1315 3806 1685 3870 Consulibus
1733 3807 2035 3869 Romanis
2060 3805 2222 3870 Sura
2264 3813 2329 3867 et
2355 3805 2691 3868 Senecione
2735 3806 2974 3867 iterum.

379 3916 552 3978 Haec
607 3915 867 3978 vidimus
931 3923 992 3977 et
1048 3916 1251 3979 multis
1304 3917 1627 3999 lacrymis,
1697 3918 1757 3978 in
1810 3920 1989 3991 fletu,
2055 3916 2273 3996 vigiliis
2337 3923 2400 3977 et
2454 3914 2972 3993 genuflexionibus

382 4033 630 4089 orantes
686 4026 1011 4088 Dominum
1071 4034 1345 4089 nostrum
1386 4027 1618 4107 precati
1660 4046 1890 4100 sumus,
1920 4034 1989 4087 ut
2018 4027 2076 4088 in
2102 4026 2449 4088 infirmitate
2492 4036 2709 4087 nostra
2751 4025 2824 4086 de
2869 4024 2979 4098 eis,

385 4156 541 4220 quae
602 4137 770 4199 facta
825 4144 1035 4211 erant,
1092 4155 1205 4200 nos
1249 4137 1694 4201 consolaretun
1772 4138 1859 4199 Et
1920 4157 2099 4219 quum
2154 4134 2465 4216 paululum
2526 4134 2981 4207 dormissemuS,

386 4248 590 4310 subito
633 4246 892 4309 vidimus
939 4267 1074 4309 eum
1116 4247 1294 4311 nobis
1341 4248 1689 4311 adstantem
1733 4257 1796 4310 et
1836 4267 1947 4310 nos
1994 4246 2513 4328 complectentem.
2599 4241 2863 4314 Quidam
2906 4262 2987 4305 ex

386 4358 560 4421 nobis
604 4358 882 4420 viderunt
925 4358 1172 4419 beatum
1213 4359 1517 4441 Ignatium
1561 4378 1673 4439 pro
1714 4359 1891 4421 nobis
1936 4367 2245 4432 orantem,
2304 4357 2414 4419 alii
2476 4362 2679 4417 autem
2723 4374 2988 4444 conspe-

386 4476 606 4531 xerunt
648 4488 803 4542 eum,
847 4469 1017 4550 quasi
1064 4468 1248 4530 sudor
1288 4469 1363 4537 de
1408 4488 1661 4550 corpore
1724 4470 1852 4549 ejus
1915 4469 2293 4542 destillaret,
2338 4475 2401 4529 et
2444 4486 2483 4527 a
2523 4464 2713 4527 multo
2773 4464 2986 4527 labore

388 4579 624 4641 veniret
664 4587 727 4641 et
769 4578 1063 4642 accedens
1108 4578 1383 4641 adstaret
1423 4579 1688 4642 Domino
1731 4581 1793 4642 in
1836 4580 2059 4659 gaudio
2103 4598 2343 4659 magno.
2435 4574 2607 4646 Quae
2652 4595 2785 4639 cum
2829 4595 2985 4638 con-

393 4689 740 4771 spexissent
768 4699 831 4753 et
855 4710 948 4765 ea,
979 4709 1132 4770 qnae
1161 4691 1222 4751 in
1251 4690 1496 4755 somniis
1523 4692 1652 4752 suis
1683 4690 1979 4764 viderant,
2022 4689 2444 4763 contulissent,
2481 4691 2679 4751 Deum
2708 4688 2991 4749 datorem
