3229 5235
1519 354 1603 419 13

254 537 528 600 recundia
569 545 788 600 autem
828 557 926 601 me
968 546 1153 611 tenet,
1196 558 1378 601 unum
1422 558 1499 602 ex
1541 540 1630 603 eis
1685 539 1977 620 apellari;
2033 556 2154 601 non
2213 538 2372 603 enim
2426 536 2639 620 dignus
2691 556 2844 612 sum,

180 665 191 673 ·
252 647 383 730 quia
421 658 906 728 purgamentum
949 670 1082 713 sum
1126 650 1554 731 discipulorum
1601 660 1663 714 et
1692 650 1997 731 corruptio
2029 670 2255 726 eorum,
2299 651 2407 713 sed
2435 647 2847 713 misericordia

253 758 358 820 erit
396 756 457 818 in
498 778 639 834 me,
702 760 758 821 si
796 760 992 823 Deum
1036 761 1359 824 inveniam.
1442 760 1692 825 Salutat
1730 781 1841 825 vos
1896 761 2145 844 spiritus
2189 760 2413 825 amoris
2456 759 2574 823 mei
2624 768 2689 823 et
2745 779 2848 823 ec-

248 867 476 943 clesiae,
523 888 692 951 quae
739 888 835 933 me
876 880 1230 951 receperunt
1259 881 1511 953 propter
1543 890 1759 935 nomen
1775 872 1924 935 Jesu
1943 871 2203 948 Christi,
2247 891 2367 934 non
2408 878 2478 933 ut
2518 876 2845 932 transeun-

246 988 378 1052 tem,
419 998 567 1040 nam
616 988 688 1045 et
734 1000 863 1055 eae,
904 982 983 1042 ad
1027 1001 1179 1063 quas
1222 982 1370 1045 nihil
1413 983 1763 1065 pertinebat
1804 983 1880 1045 de
1921 982 2027 1046 via
2066 1000 2205 1047 mea
2245 982 2307 1044 in
2342 1000 2546 1055 carue,
2587 980 2649 1043 in
2681 978 2849 1043 omni

245 1088 486 1152 civitate
530 1109 783 1155 mecum
826 1094 1154 1156 comitatae
1197 1101 1356 1157 sunt.

1314 1646 1317 1647 γ
1358 1582 1575 1663 Cap.
1625 1585 1731 1644 X.

473 1752 727 1835 Scripsi
772 1759 974 1815 autem
1015 1752 1188 1815 vobis
1231 1751 1384 1814 haec
1425 1771 1534 1833 per
1574 1750 1880 1832 Ephesios
1925 1750 2305 1814 beatitudine
2366 1751 2600 1831 dignos.
2684 1747 2845 1814 Sunt

259 1868 429 1925 autem
473 1883 724 1927 mecum
767 1872 830 1926 et
871 1863 972 1925 alii
1014 1863 1206 1937 multi,
1251 1873 1313 1925 et
1356 1860 1638 1937 Crescus,
1682 1882 1904 1925 nomen
1947 1860 2390 1936 desiderabile,
2451 1880 2684 1924 mecum
2727 1867 2838 1923 est.

252 1971 473 2035 Mecum
518 1983 675 2038 sunt
715 1984 778 2037 et
816 1974 938 2048 illi,
998 1974 1097 2055 qui
1140 1973 1391 2036 comites
1433 1973 1550 2035 mei
1592 1975 1838 2036 fuerunt
1880 1982 1942 2035 et
1986 1973 2359 2036 deduxerunt
2400 1991 2497 2034 me
2542 1992 2620 2035 ex
2659 1969 2842 2054 Syria

248 2100 440 2147 versus
471 2086 751 2150 Romam
781 2086 861 2147 ad
887 2086 1179 2148 honorem
1212 2086 1347 2158 Dei,
1391 2085 1489 2166 qui
1534 2091 1630 2146 est
1669 2084 1903 2146 initium
1947 2094 2011 2147 et
2052 2084 2208 2158 finis,
2253 2092 2315 2145 et
2344 2084 2450 2146 isti
2491 2083 2667 2147 vobis
2712 2082 2841 2145 noti

248 2203 391 2257 sunt.
479 2197 879 2260 Annunciate
922 2197 1018 2259 his
1063 2196 1351 2258 fratribus
1396 2196 1640 2287 vestris,
1688 2196 1846 2278 quod
1892 2203 1956 2258 et
1997 2216 2107 2277 ego
2151 2215 2342 2278 prope
2385 2214 2541 2257 sum.
2613 2191 2841 2289 Omnes

250 2304 395 2366 enim
438 2316 590 2372 sunt
637 2308 801 2389 digni
841 2309 998 2382 Deo,
1055 2317 1117 2369 et
1176 2315 1423 2388 oportet
1483 2327 1589 2369 eos
1645 2326 1885 2388 semper
1945 2307 2257 2370 consolari.
2344 2304 2575 2387 Scripsi
2622 2305 2840 2366 ‘autem

244 2411 351 2478 hoc
397 2418 725 2482 undecimo
774 2420 997 2482 mensis
1028 2419 1147 2483 Ab.
1194 2419 1418 2481 Valete
1460 2418 1519 2479 in
1563 2418 1745 2480 finem
1791 2425 1853 2479 et
1893 2417 1980 2479 sit
2022 2418 2085 2480 in
2126 2418 2303 2481 vobis
2344 2415 2642 2500 patientia
2680 2414 2830 2479 Jesu

244 2523 489 2593 Christi.
581 2529 826 2605 Valete,
870 2530 1074 2611 gratia
1115 2512 1445 2593 vobiscum.
1529 2528 1749 2591 Amen.

485 2991 688 3063 Quum
724 2992 858 3071 jam
897 3001 1306 3072 repugnantes
1348 2992 1569 3052 fratres
1598 2990 1913 3053 Romanos
1942 3009 2035 3065 eo,
2069 3009 2188 3071 quo
2220 2991 2517 3063 voluerat,
2559 3009 2671 3071 per
2692 2992 2827 3073 epi·
2851 3001 2994 3079 02125.

246 3098 467 3163 stolam
527 3102 933 3183 perduxisset,
991 3100 1254 3182 Smyrna
1314 3102 1625 3181 profectus
1689 3109 1820 3175 est,
1884 3102 2283 3179 (festinanter
2324 3109 2527 3163 autem
2569 3101 2835 3165 Romani

245 3205 672 3291 Theophorum
718 3211 1112 3284 deduxerunt,
1144 3220 1210 3271 ut
1239 3211 1661 3290 praevenirent
1684 3211 2132 3274 solemnitatem
2156 3231 2376 3275 vanam
2396 3212 2835 3287 Romanorum,

245 3318 300 3379 in
331 3339 473 3401 qua,
518 3322 746 3403 populo
779 3322 1059 3384 Romano
1104 3329 1441 3401 spectante,
1485 3321 1634 3383 feris
1676 3322 1886 3384 bestiis
1930 3322 2293 3402 objiceretur
2323 3330 2386 3385 et
2414 3342 2694 3385 coronam
2727 3322 2837 3403 ju-

247 3427 452 3493 stitiae
498 3451 606 3513 per
643 3433 759 3493 hoc
802 3439 1111 3494 certamen
1159 3431 1498 3511 acciperet)
1556 3438 1621 3493 et
1659 3432 1800 3493 inde
1844 3432 2010 3494 venit
2044 3433 2343 3495 Troadem
2389 3442 2451 3493 et
2490 3432 2628 3495 inde
2671 3433 2839 3495 Nea-

248 3539 405 3616 polin
463 3550 526 3603 et
565 3543 888 3624 Philippos
947 3542 1155 3603 urbem
1221 3549 1283 3602 et
1323 3541 1671 3622 peragravit
1733 3550 1895 3604 terra
1947 3561 2058 3622 per
2108 3543 2536 3606 Macedoniam
2612 3552 2676 3605 et
2731 3563 2840 3625 per

251 3665 378 3710 eam
421 3650 595 3731 Epiri
637 3658 897 3732 partem,
945 3669 1095 3730 quae
1139 3669 1330 3730 prope
1361 3667 1459 3712 est.
1501 3651 1579 3712 ab
1622 3650 1987 3730 Epidamno·
2033 3653 2201 3715 Tunc
2244 3652 2305 3713 in
2346 3652 2498 3714 locis
2544 3651 2623 3713 ad
2666 3671 2833 3715 mare

257 3757 383 3821 sitis
413 3760 647 3822 invenit
676 3780 916 3833 navem,
959 3760 1019 3822 in
1063 3778 1182 3840 qua
1223 3760 1530 3841 navigavit
1570 3780 1681 3842 per
1706 3761 2086 3824 Hadrianum
2111 3761 2550 3841 (Adraticum),
2597 3773 2660 3824 et
2702 3782 2835 3826 cum

252 3867 552 3949 ingressus
602 3880 767 3934 esset
809 3889 977 3932 mare
1020 3869 1478 3952 Tyrrhenicum,
1520 3870 1752 3933 insulas
1798 3879 1860 3933 et
1902 3873 2078 3935 urbes
2138 3873 2510 3952 pertransiit.
2598 3870 2836 3943 Quum-

257 3997 363 4059 que
407 3990 620 4044 sancto
663 3981 792 4042 viro
841 3980 1271 4060 apparuissent
1312 3980 1514 4042 Putidi
1559 3981 1909 4059 (Puteoli),
1973 4002 2321 4063 egressurus
2382 3990 2548 4056 erat,
2607 3992 2676 4045 ut
2730 4002 2839 4064 per

255 4092 510 4172 vestigia
550 4089 844 4172 Apostoli
885 4090 1207 4153 incederet.
1274 4089 1496 4161 'Quum
1526 4110 1671 4153 vero
1713 4099 1931 4154 ventus
1974 4092 2297 4155 vehemens
2342 4101 2525 4167 esset,
2570 4113 2681 4155 nec
2724 4112 2837 4155 na-

257 4199 373 4262 vim
413 4200 720 4283 impellere
750 4198 1072 4274 desineret,
1095 4208 1162 4262 ut
1191 4199 1467 4263 celeriter
1490 4201 1625 4275 iret,
1655 4201 1872 4264 beatos
1901 4203 2279 4283 praedicavit
2321 4203 2580 4265 dilectos
2616 4203 2837 4266 fratres

258 4307 410 4374 illius
430 4312 569 4386 loci,
590 4318 653 4374 et
671 4310 757 4373 sic
774 4311 942 4373 illam
961 4310 1271 4391 regionem
1296 4313 1445 4374 mari
1469 4313 1841 4394 pertransiit.
1872 4311 2024 4374 Tam
2044 4313 2320 4376 celeriter
2336 4322 2539 4376 autem
2553 4312 2671 4377 iter
2690 4334 2835 4396 per-

258 4416 413 4496 feeit,
434 4433 501 4484 ut
517 4442 635 4484 uno
654 4422 751 4484 die
773 4430 835 4483 et
851 4441 973 4483 una
994 4430 1174 4485 nocte
1198 4422 1394 4487 ventis
1418 4422 1697 4485 secundis
1729 4441 1841 4484 nos
1868 4421 2040 4485 inviti
2067 4442 2482 4504 pergeremus,
2525 4433 2834 4505 gementes

267 4539 322 4591 et
360 4532 593 4608 flentes,
638 4531 802 4615 quod
842 4532 940 4594 hic
973 4533 1177 4612 justus
1227 4554 1264 4595 a
1307 4533 1481 4596 nobis
1525 4533 1900 4615 separandus
1945 4541 2129 4609 esset,
2174 4536 2314 4597 dum
2342 4535 2478 4616 ipse
2513 4538 2732 4599 orabat
2773 4546 2838 4600 et

266 4639 634 4718 festinabat,
692 4652 761 4704 ut
792 4643 1111 4705 confestim
1163 4662 1239 4706 ex
1282 4645 1397 4707 hoc
1439 4644 1661 4708 mundo
1707 4644 2091 4725 egrederetur
2150 4656 2212 4707 et
2251 4645 2613 4723 Dominum,
2661 4667 2835 4729 quem

264 4755 523 4831 amabat,
565 4763 1007 4835 assequeretur.
1096 4755 1296 4827 Quum
1339 4765 1543 4818 autem
1585 4756 1665 4818 ad
1708 4766 1953 4836 portum
1988 4756 2401 4821 Romanorum
2444 4756 2835 4830 venissemus,

2965 4991 3169 5141 Δ·

142 5089 155 5106 a
206 5077 249 5112 *a*
312 5107 317 5112 .

140 5109 269 5140 :dr-rr.
288 5113 313 5134 κ
