3229 5235
122 5079 267 5136 ,ἣξεις
286 5097 339 5136 .”.

1604 1238 1663 1318 Ι.

328 1478 932 1558 Translatio
972 1476 1359 1557 Inatina
1405 1482 1879 1556 aetorum
1925 1438 2397 1578 martyrii
2433 1501 2505 1552 S.
2537 1468 2932 1576 Ignatii

1283 1637 1988 1745 Syriaoorum.

342 1899 636 1971 Sequitur
672 1901 944 1960 historia
967 1900 1140 1957 beati
1166 1900 1430 1970 Ignatii,
1477 1899 1755 1970 episcopi
1792 1897 1968 1955 urbis
1993 1896 2382 1967 Antiochiae,
2423 1896 2528 1965 qul
2567 1894 2930 1964 martyrium

961 2012 1183 2071 passus
1222 1998 1321 2056 est
1360 1998 1575 2055 (liebus
1612 1998 1871 2067 Trajani
1907 1998 2081 2063 regis
2111 1997 2300 2067 impii.

1422 2265 1847 2276 ———

588 2477 727 2548 Quo
805 2486 1077 2557 tempore
1132 2475 1434 2555 Trajanus
1497 2494 1604 2537 rex
1665 2474 2069 2555 principatum
2144 2474 2565 2536 Romanorum
2639 2471 3020 2560 suscepitmap,
3052 2483 3086 2542 1,

331 2587 632 2667 Ignatius‚
707 2588 1034 2668 discipulus
1077 2587 1336 2650 Joannis
1381 2586 1673 2668 Apostoli
1717 2584 2182 2665 Evangelistae‚
2249 2585 2340 2646 vir
2384 2583 2624 2658 extitit,
2685 2583 2785 2666 qui
2827 2604 2931 2646 se-

224 2779 227 2782 *
333 2697 597 2759 cundum
635 2699 838 2759 omnia
868 2716 1054 2778 opera
1091 2695 1533 2777 Apostolorum
1564 2696 1775 2758 vivens
1806 2697 2108 2777 procellas
2139 2696 2395 2776 priores,
2441 2714 2593 2775 quae
2626 2713 2701 2757 ex
2726 2693 2930 2757 multis

322 2808 851 2887 persecutionibus
897 2806 1108 2871 diebus
1152 2807 1488 2868 Domitiani
1533 2816 1705 2868 ortae
1751 2814 1966 2880 erant,
2027 2805 2332 2895 laboriose
2391 2805 2632 2867 sedavit
2674 2812 2737 2867 et
2779 2804 2933 2866 sicut

324 2918 702 2996 gubernator
743 2918 938 2979 bonus
981 2917 1388 2996 gubernaculo
1452 2918 1777 2979 continuae
1841 2917 2136 2979 orationis
2198 2926 2261 2977 et
2312 2915 2528 2995 jejunii
2594 2915 2829 2977 assidui
2873 2923 2935 2978 et

324 3047 439 3107 per
482 3029 716 3089 monita
761 3028 837 3089 ad
882 3028 1127 3089 labores
1158 3026 1504 3106 spirituales
1534 3027 1827 3088 adversus
1862 3028 2123 3106 impetus
2156 3026 2379 3087 inimic-i
2408 3025 2665 3098 restitit,
2710 3027 2930 3088 timens

324 3147 392 3199 et
453 3138 896 3211 reformidans,
965 3157 1037 3199 ne
1098 3156 1271 3218 quem
1331 3136 1672 3199 timidorum
1731 3148 1792 3197 et
1832 3136 2304 3217 pusillanimium
2375 3136 2676 3216 perderet.
2718 3136 2929 3199 'Licet

325 3254 535 3308 autem
581 3247 654 3308 de
700 3247 986 3309 ecclesiae
1030 3249 1356 3309 securitate
1412 3257 1477 3308 et
1518 3246 1592 3308 de
1645 3246 1811 3308 brevi
1856 3246 2199 3308 cessatione
2242 3245 2681 3326 persecutionis
2722 3246 2925 3307 laeta-

322 3364 515 3435 retur,
560 3357 907 3436 angebatur
949 3364 1153 3419 tamen
1200 3357 1423 3431 animo,
1469 3377 1543 3418 ne
1585 3376 1625 3417 a
1666 3375 1809 3418 vero
1876 3375 2082 3417 amore
2128 3355 2389 3430 Christi,
2453 3357 2548 3418 cui
2591 3356 2922 3436 appropin-

325 3474 647 3548 quaverat,
693 3467 1051 3529 deflecteret
1092 3475 1154 3527 et
1196 3486 1234 3527 a
1274 3467 1544 3547 perfecto
1593 3475 1759 3528 statu
1806 3466 2242 3546 discipulorum
2287 3466 2723 3528 excluderetur.
2790 3467 2922 3528 Re-

319 3578 588 3658 putabat
630 3577 787 3638 enim
832 3596 1057 3648 secum,
1102 3576 1263 3658 quod
1306 3577 1660 3638 testimonio
1707 3577 2021 3659 martyrii,
2082 3578 2136 3638 si
2192 3577 2255 3637 id
2312 3578 2468 3639 forte
2524 3576 2637 3657 ipsi
2685 3577 2922 3638 contin-

321 3696 511 3765 geret,
559 3686 884 3748 admodum
929 3687 1444 3767 appropinquaret
1493 3689 1647 3748 Deo,
1735 3686 1999 3768 Ideoque
2038 3705 2265 3767 paucos
2308 3705 2498 3749 annos
2541 3686 2737 3748 fidelis
2781 3706 2922 3767 per-

320 3797 547 3859 sistens
591 3797 653 3857 in
701 3796 976 3869 ecclesia,
1051 3796 1211 3857 sicut
1267 3796 1514 3858 lucerna
1577 3797 1777 3859 divina
1838 3796 2183 3860 illuminans
2246 3797 2507 3858 omnium
2569 3796 2755 3858 corda
2811 3815 2921 3876 per

319 3904 766 3986 Scripturarum
823 3906 1388 3985 interpretationes,
1449 3926 1602 3987 quae
1647 3908 1702 3968 ei
1744 3927 1852 3987 per
1898 3908 2235 3970 orationem
2290 3907 2703 3981 revelabatur,
2749 3906 2917 3977 (voti

322 4033 573 4097 compos
619 4015 817 4076 factus
862 4018 1005 4088 est).

565 4124 862 4205 Trajanus
931 4144 1075 4187 vero
1147 4133 1294 4205 post
1354 4145 1569 4188 novem
1657 4145 1848 4188 annos
1934 4127 2173 4207 imperii
2241 4126 2329 4189 sui
2416 4146 2596 4207 quum
2654 4133 2904 4207 propter
2923 4142 3068 4221 ⁰⁸sz

322 4237 638 4300 victoriam
686 4236 759 4297 de
802 4236 1047 4318 Scythis
1094 4244 1157 4297 et
1195 4236 1385 4299 Dacis
1441 4246 1504 4298 et
1557 4238 1694 4299 aliis
1748 4238 1952 4300 multis
1998 4239 2237 4319 populis
2281 4247 2660 4320 reportatam
2706 4240 2907 4301 animo

317 4348 512 4408 elatus
570 4356 856 4426 putaret,
917 4366 983 4408 se
1042 4365 1153 4408 suo
1217 4345 1416 4409 officio
1477 4366 1595 4409 non
1657 4349 2059 4423 satisfacere,
2135 4357 2199 4410 et
2254 4350 2431 4411 valde
2489 4350 2908 4431 imperfectam

316 4476 451 4519 esse
494 4476 667 4518 suam
711 4456 1064 4529 victoriam,
1106 4456 1222 4519 nisi
1278 4456 1637 4536 subjugaret
1678 4457 2062 4520 Christianos
2121 4468 2184 4520 et
2237 4461 2525 4539 populum
2592 4462 2907 4524 timentem

314 4567 539 4639 Deum,
594 4567 687 4628 ita
727 4574 796 4627 ut
839 4583 943 4627 eos
988 4584 1224 4647 quoque
1268 4578 1514 4646 cogeret
1561 4567 1886 4630 daemones
1929 4567 2123 4631 colere
2184 4576 2246 4629 et
2288 4590 2423 4631 cum
2469 4571 2746 4632 omnibus
2789 4570 2907 4635 ho-

313 4675 568 4737 minibus
612 4676 767 4737 hunc
808 4674 1030 4737 cultum
1073 4676 1341 4756 gentium
1383 4678 1713 4757 suscipere,
1756 4677 2079 4752 minitanS,
2138 4699 2203 4740 se
2262 4699 2470 4743 omnes
2532 4691 2783 4744 sanctos
2845 4683 2906 4745 vi

2911 4991 3186 5137 p*
