3229 5235
1533 356 1573 419 ἶ)

265 566 459 611 corum
503 553 570 609 et
612 566 1031 611 successorum
1067 550 1337 622 eorum“,
1383 555 1447 610 et
1486 545 1746 627 scriptus
1791 552 1889 608 est
1928 545 2169 609 saeculo
2214 545 2442 609 decimo
2486 553 2662 609 sexto
2704 556 2847 627 post

263 686 569 751 Christum
622 706 663 748 a
694 687 885 748 Paulo
918 685 1181 767 quodam
1212 686 1486 767 Coptita,
1531 695 1600 747 ut
1627 685 1686 747 in
1718 705 1826 748 suo
1859 686 2141 766 catalogo
2174 685 2357 747 Card.
2388 686 2516 747 Mai
2545 684 2848 747 indicavit.

412 866 611 929 Aliud
677 867 1079 946 fragmentum
1129 866 1331 928 inveni
1391 866 1469 927 in
1512 863 1803 928 Codice
1859 865 2026 926 Vat.
2070 864 2195 927 Ar.
2244 863 2397 939 178,
2461 872 2620 926 teste
2660 864 2846 926 Card.

249 1005 375 1068 Mai
419 1024 585 1066 anno
632 1013 777 1085 post
820 1002 1127 1066 Christum
1173 1001 1326 1065 1371
1375 1004 1644 1084 script0,
1703 1004 1763 1064 in
1806 1020 1923 1083 quo
1979 1009 2068 1083 (p.
2114 1001 2226 1078 53)
2278 1000 2493 1082 incipit
2533 999 2846 1079 „collectio

249 1163 323 1206 ex
363 1142 572 1205 verbis
620 1142 941 1203 beatorum
985 1146 1048 1200 et
1078 1138 1388 1218 justorum
1429 1140 1687 1202 Patrum
1731 1137 2059 1202 Clementis
2105 1147 2168 1200 et
2209 1139 2649 1218 sequentium,“
2690 1138 2849 1201 inter

247 1299 395 1363 quos
439 1301 491 1342 S.
536 1279 811 1361 Ignatius
856 1286 1025 1359 (pag.
1068 1275 1181 1354 97)
1225 1278 1403 1340 testis
1448 1278 1687 1340 citatur.
1751 1278 2022 1341 Tertium
2081 1277 2259 1357 hujus
2320 1275 2615 1357 epistolae
2677 1275 2845 1355 frag-

241 1425 506 1480 mentum
536 1418 769 1499 legitur
794 1418 953 1480 inter
980 1415 1336 1479 testimonia
1358 1417 1607 1478 Patrum
1640 1417 1712 1478 in
1742 1416 1790 1479 C
1810 1417 1984 1480 odic
2005 1436 2038 1478 e
2079 1417 2252 1478 Vat.
2297 1415 2357 1477 A
2376 1434 2424 1477 r.
2455 1413 2571 1477 651
2603 1434 2747 1496 pag.
2775 1414 2839 1493 8,

244 1557 339 1638 qui
379 1556 634 1619 saeculo
678 1555 907 1619 decimo
954 1555 1212 1636 septimo
1255 1575 1293 1618 a
1337 1554 1520 1617 Card.
1566 1555 1696 1617 Mai
1733 1555 1798 1616 in
1840 1555 2123 1635 catalogo
2168 1554 2553 1617 adscribitur.

395 1708 737 1771 Lectiones
792 1708 1006 1771 horum
1067 1707 1341 1771 codicum
1396 1727 1434 1769 a
1495 1716 1669 1771 textu
1719 1708 1950 1771 codicis
2015 1708 2127 1770 101
2192 1708 2464 1769 diversas
2523 1709 2585 1769 in
2643 1725 2837 1770 anno-

252 1847 574 1909 tationibus
620 1845 902 1909 indicavi.
944 1845 1120 1907 Licet
1159 1846 1297 1909 huic
1343 1846 1639 1927 epistolae
1682 1866 1880 1929 pauca
1921 1857 2159 1910 tantum
2202 1847 2464 1946 genuina
2520 1866 2572 1908 s.
2616 1844 2838 1925 Ignatii

250 1985 420 2046 verba
471 2003 739 2065 aspersa
800 1984 943 2058 sint,
1006 2004 1158 2065 quae
1213 1993 1360 2065 post
1401 1984 1836 2048 adnotationes
1897 1984 2160 2049 collecta
2188 1984 2471 2065 reperies,
2503 1982 2836 2061 Arabicam

244 2124 364 2202 ejus
390 2124 745 2186 versionem
787 2123 1010 2184 habere
1053 2141 1172 2184 non
1201 2122 1563 2202 displicebit,
1595 2142 1749 2205 quae
1778 2123 2185 2204 Aethiopicae
2247 2124 2380 2203 ejus
2426 2121 2681 2185 editioni
2724 2140 2831 2184 ex·-

242 2260 584 2340 planandae
632 2280 817 2342 saepe
860 2258 1132 2321 inservit.

390 2426 759 2488 Tertium
801 2424 1288 2505 opusculum,
1334 2445 1488 2488 nunc
1531 2424 1726 2506 primo
1772 2426 2033 2501 editum,
2080 2433 2267 2488 acta
2304 2427 2603 2488 Latina
2646 2432 2830 2487 sunt

235 2565 597 2647 martyrii
640 2585 691 2627 s.
733 2562 1026 2644 Ignatii
1062 2540 1226 2645 ‘quae
1267 2564 1505 2627 Romae
1545 2565 1609 2627 in
1652 2563 2029 2627 Bibliotheca
2057 2564 2481 2629 Vallicellensi
2522 2564 2584 2628 in
2615 2563 2822 2626 codice

237 2704 454 2766 saeculi
498 2705 700 2779 XIII„
758 2704 916 2765 inter
955 2702 1210 2765 Latinos
1255 2703 1385 2778 VL,
1427 2722 1565 2784 pag.
1610 2702 1733 2766 216
1787 2724 1825 2766 a
1867 2713 2038 2787 tergo
2082 2705 2368 2786 leguntur
2426 2714 2488 2768 et
2529 2706 2626 2769 his
2670 2706 2827 2768 inci-

236 2840 401 2920 piunt
456 2840 696 2904 verbis:
783 2839 1002 2902 Passio
1065 2840 1259 2903 sancti
1314 2841 1537 2921 Ignatii
1594 2844 1902 2923 martyris.
1988 2844 2308 2924 Tempore,
2356 2864 2474 2926 quo
2518 2845 2820 2924 Trajanus

233 2976 568 3043 Domitiani
609 2977 901 3041 successit
943 2977 1198 3058 imperio
1243 2989 1360 3041 etc.

384 3118 572 3181 Licet
622 3117 773 3178 haec
829 3122 974 3178 acta
1027 3115 1252 3177 Latina
1306 3117 1609 3197 permulta
1663 3117 1828 3180 falsa
1883 3119 2042 3182 veris
2085 3120 2281 3182 mixta
2337 3120 2691 3182 contineant
2756 3131 2819 3183 et

232 3260 351 3315 tum
397 3275 481 3318 ex
523 3254 727 3317 Rufini
766 3252 1041 3316 versione
1073 3254 1366 3316 historiae
1394 3253 1872 3318 Ecclesiasticae
1912 3255 2181 3331 Eusebii,
2223 3264 2350 3320 tum
2394 3277 2471 3320 ex
2511 3267 2818 3341 martyro-

226 3389 401 3470 logiis
469 3402 767 3473 congesta
825 3391 982 3467 sint,
1038 3399 1106 3452 ut
1158 3392 1219 3453 in
1275 3392 1582 3455 annotatis
1640 3395 2167 3474 comprobabitur,
2232 3415 2309 3458 ea
2366 3404 2571 3460 tamen
2613 3398 2815 3479 publi-

227 3531 417 3593 canda
463 3532 687 3605 censui,
730 3529 873 3613 quia
914 3537 1056 3591 acta
1096 3529 1449 3610 martyriis.
1480 3531 1700 3611 Ignatii
1726 3532 1817 3593 ita
1848 3534 2276 3598 consarcinata
2314 3554 2616 3617 nunquam
2646 3493 2808 3619 typis

227 3669 517 3732 mandata
558 3679 721 3732 sunt.

381 3822 452 3883 In
485 3822 601 3883 fine
642 3839 873 3902 paucos
906 3818 1153 3901 adjunxi
1196 3819 1415 3882 locos
1462 3820 1884 3885 variantes
1929 3820 2406 3886 Graecorum
2448 3835 2807 3889 actorum

222 3959 595 4039 martyrii
639 3979 687 4020 s.
729 3959 1077 4038 Ignatii,
1124 3978 1276 4040 quos
1323 3979 1399 4021 ex
1441 3959 1647 4021 codice
1691 3957 1929 4024 Graeco
1993 3961 2106 4025 132
2145 3963 2348 4042 regiae
2392 3963 2807 4028 Bibliothecae

222 4088 600 4157 Monacensis
656 4095 965 4176 descripsi.
1063 4096 1181 4157 Hic
1237 4096 1462 4171 codex,
1541 4097 1643 4178 qui
1701 4099 1947 4160 saeculo
2010 4098 2076 4161 X
2131 4099 2194 4162 in
2260 4101 2541 4181 catalogo
2603 4101 2803 4166 dictae

220 4224 634 4296 Bibliothecae
676 4243 839 4297 recte
881 4234 1278 4309 adscribitur,
1343 4234 1760 4315 Menologium
1806 4236 2109 4301 Graecum
2156 4247 2284 4315 est,
2348 4240 2411 4301 in
2455 4260 2573 4321 quo
2616 4262 2679 4325 p.
2723 4240 2804 4305 58

224 4366 298 4427 ad
337 4370 494 4434 diem
535 4371 882 4434 vicesimum
923 4372 1277 4434 Decembris
1323 4381 1465 4435 acta
1505 4375 1790 4456 Martyrii
1832 4397 1880 4439 s.
1922 4376 2183 4456 Ignatii,
2229 4387 2475 4441 auctore
2515 4378 2801 4444 Simeone

220 4500 659 4587 Metaphraste‚
701 4506 998 4587 leguntur.
1042 4507 1303 4570 Textum
1333 4509 1510 4589 hujus
1542 4511 1764 4574 codicis
1808 4533 1938 4576 cum
1984 4535 2078 4590 eo,
2123 4515 2224 4596 qui
2263 4516 2328 4577 in
2371 4535 2555 4597 opere
2585 4518 2803 4581 Peter-

224 4647 443 4709 manni:
501 4668 591 4727 „s.
620 4646 837 4728 Ignatii
868 4645 1205 4727 epistolae“
1247 4667 1310 4728 p.
1349 4648 1472 4711 472
1515 4649 1717 4712 editus
1751 4659 1863 4727 est,
1910 4653 2138 4715 contuli
2178 4663 2240 4717 et
2266 4653 2435 4719 locos
2466 4656 2795 4733 variantes,

225 4780 317 4860 qui
354 4784 605 4866 majoris
648 4785 935 4850 momenti
977 4784 1356 4866 videbantur,
1399 4790 1711 4853 annotavi.
