3229 5235
444 1541 1052 1647 Descriptio
1126 1543 1869 1647 opusculorum
1937 1572 2214 1624 nuno
2281 1543 2739 1648 primum

1324 1704 1862 1785 editorum.

459 1980 723 2042 Sanctus
769 1981 1062 2060 ignatius,
1109 1980 1432 2060 episcopus
1476 1977 1841 2043 Antiochiae
1890 1989 1952 2043 et
1994 1989 2241 2062 martyr,
2289 1988 2467 2044 tanta
2505 1981 2683 2044 floret
2725 1982 2886 2061 apud

283 2138 505 2180 omnes
548 2118 933 2193 auctoritate,
978 2126 1046 2179 ut
1088 2119 1483 2203 dubitandum
1540 2139 1660 2182 non
1716 2121 1832 2194 sit,
1892 2141 2052 2184 nova
2107 2121 2420 2183 literarum
2482 2129 2891 2193 monumenta,

285 2276 452 2338 quae
494 2258 568 2319 de
609 2257 725 2319 hoc
766 2256 1126 2338 Apostolico
1168 2259 1352 2320 Patre
1394 2266 1686 2332 tractant,
1731 2259 1933 2320 multis
1979 2260 2107 2320 fore
2149 2267 2455 2340 pergrata.

465 2395 798 2457 Primum
842 2396 1185 2475 hujusmodi
1226 2407 1699 2469 monumentum,
1744 2398 1904 2478 quod
1947 2398 2007 2458 in
2051 2397 2167 2458 hoc
2209 2396 2414 2458 libello
2459 2396 2730 2473 offertur,
2787 2394 2896 2455 in-

290 2542 532 2612 tegra
572 2514 763 2626 sunt·
798 2542 987 2596 acta
1031 2535 1361 2615 Syriaca
1405 2535 1765 2616 martyrii
1812 2557 1861 2596 S.
1911 2535 2238 2615 lgnatii,
2273 2554 2524 2616 quorum
2556 2534 2899 2613 fragmenta

294 2671 662 2733 Guilielmus
682 2670 1021 2734 Curetonus
1041 2674 1103 2734 in
1127 2693 1310 2754 opere
1331 2673 1607 2755 „Corpus
1638 2675 2052 2755 [gnatianum“
2078 2674 2388 2754 inscript0,
2410 2693 2550 2753 pag.
2573 2670 2899 2734 222-225

296 2829 468 2872 anno
529 2808 685 2871 1849
738 2811 959 2890 publici
1010 2811 1167 2891 juris
1223 2814 1477 2874 fecerat.
1562 2815 1656 2874 De
1701 2814 1947 2891 codice,
2013 2815 2074 2874 in
2118 2832 2236 2893 quo
2283 2812 2433 2873 haec
2475 2821 2617 2874 acta
2657 2813 2903 2873 inventa

297 2955 472 3020 sunt,
517 2946 856 3008 Curetonus
889 2913 1158 3027 inopere
1190 2947 1440 3009 laudato
1471 2968 1529 3029 p.
1573 2949 1688 3011 361
1738 2958 1802 3012 et
1842 2949 1962 3012 362
2004 2951 2136 3031 ipse
2179 2950 2357 3011 dicit:
2399 2950 2555 3025 „hoc
2598 2949 2902 3029 fragmen-

301 3093 478 3163 „tum
525 3091 796 3146 actorum
840 3085 1116 3166 martyrii
1161 3108 1209 3146 s.
1253 3086 1476 3164 Ignatii
1520 3096 1583 3147 et
1627 3085 1922 3166 epistolae
1968 3088 2096 3167 ejus
2128 3087 2205 3148 ad
2235 3087 2551 3149 Romanos
2595 3097 2901 3167 sumptum

300 3230 449 3290 „est
492 3241 567 3284 ex
613 3223 1047 3303 manuscript0‚
1094 3225 1255 3304 quod
1298 3226 1359 3285 in
1402 3222 1655 3286 Oriente
1704 3243 1742 3285 a
1787 3224 2042 3286 Claudio
2086 3224 2265 3297 Rich,
2311 3225 2518 3304 legato
2568 3225 2900 3304 Anglorum

302 3358 412 3436 „in
453 3359 598 3421 urbe
639 3360 914 3439 Bagdad‚
958 3380 1068 3441 pro
1103 3361 1360 3423 Musaeo
1405 3361 1719 3424 Britanico
1764 3382 1904 3424 aere
1950 3372 2367 3442 comparatum
2413 3370 2526 3423 est.
2614 3362 2903 3424 Continet

304 3496 450 3573 „hic
491 3496 684 3558 codex
724 3496 885 3558 lacer
928 3508 992 3559 et
1031 3498 1276 3560 mutilus
1323 3507 1463 3560 acta
1507 3506 1835 3580 martyrum
1880 3506 1943 3559 et
1983 3498 2141 3560 vitas
2183 3497 2570 3560 Sanctorum.
2622 3496 2901 3578 Scriptus

307 3642 452 3712 „est
504 3634 566 3695 in
621 3634 838 3697 charta
891 3636 1174 3698 orientali
1231 3637 1684 3698 characteribus
1740 3636 2107 3699 Chaldaicis.
2203 3637 2269 3697 ln
2327 3637 2612 3715 catalogo
2668 3633 2906 3698 Musaei

312 3770 450 3849 „hic
493 3771 688 3833 codex
729 3774 972 3834 saeculo
1017 3772 1248 3835 decimo
1294 3776 1475 3836 tertio
1519 3773 1884 3836 adscribitur
1914 3820 1930 3847 ,
1995 3774 2137 3835 mihi
2193 3794 2336 3872 vero
2381 3774 2692 3855 antiquior
2733 3774 2902 3837 vide-

313 3917 473 3985 „tur.
557 3906 888 3988 Signatur:
936 3908 1062 3969 Bri.
1106 3909 1262 3970 Mus.
1310 3909 1469 3971 Add.
1515 3912 1598 3972 M.
1645 3911 1711 3972 S.
1759 3910 1982 3974 7200ss

477 4046 653 4107 Hanc
693 4045 1030 4107 versionem
1079 4045 1394 4126 Syriacam
1437 4043 1807 4110 sincerorum
1852 4057 2123 4111 actorum
2167 4038 2439 4132 martyrii
2483 4072 2531 4112 s.
2581 4051 2805 4131 Ignatii
2846 4051 2905 4111 in

317 4203 498 4264 opere
543 4184 834 4245 Curetoni
875 4183 1173 4264 integram
1217 4205 1337 4247 non
1382 4186 1678 4260 inveniri,
1741 4186 1997 4249 maxime
2042 4188 2366 4250 dolendum
2414 4197 2528 4261 est,
2585 4197 2710 4252 tum
2767 4190 2910 4271 quia

317 4320 442 4383 alia
488 4342 693 4384 eorum
737 4322 935 4384 versio
978 4322 1038 4383 in
1079 4322 1196 4385 hoc
1236 4322 1527 4385 idiomate
1571 4343 1692 4386 non
1735 4325 1977 4399 existit,
2037 4335 2163 4388 tum
2208 4328 2352 4409 quia
2393 4328 2628 4389 initium
2673 4335 2907 4389 tantum

326 4458 626 4539 epistolae
673 4480 722 4521 s.
767 4459 990 4539 Ignatii
1048 4461 1127 4522 ad
1169 4461 1518 4536 RomanOS‚
1580 4461 1676 4523 his
1735 4462 1887 4525 actis
1943 4464 2248 4539 insertae,
2315 4464 2376 4525 in
2420 4484 2491 4525 eo
2550 4466 2911 4527 continetur.

322 4591 524 4664 Quare
567 4593 966 4657 dubitandum
1009 4616 1131 4659 non
1174 4606 1304 4674 est,
1352 4617 1582 4675 omnes,
1628 4601 1728 4682 qui
1774 4601 2039 4683 antiquis
2080 4601 2387 4682 religionis
2431 4611 2679 4665 nostrae
2725 4603 2914 4665 docu-

326 4734 541 4799 mentis
585 4734 988 4810 delectantur,
1029 4744 1171 4799 acta
1211 4738 1448 4801 sincera
1490 4742 1769 4822 martyrii
1812 4762 1860 4803 s.
1893 4742 2117 4821 Ignatii
2172 4761 2426 4804 unacum
2477 4741 2744 4824 epistola
2786 4742 2917 4822 ejus

2301 4887 2320 4905 .
2418 4852 2492 4902 1·
